{
    "items": [
        {
            "name": "Mercearia",
            "items": [
                {
                    "name": "Cereais e Barras",
                    "items": [
                        {
                            "name": "Cereais Infantis e Juvenis",
                            "items": [
                                {
                                    "marca": "Continente",
                                    "descricao": "Cereais Pétalas de Chocolate Pack Poupança",
                                    "preco": "2,54€",
                                    "preco_antigo": "2,99€",
                                    "quantidade": "emb. 1 kg",
                                    "precoPorQuantidade": "2,54€/kg",
                                    "link": "https://www.continente.pt/produto/cereais-petalas-de-chocolate-pack-poupanca-continente-7082810.html?cgid=mercearias-cereais-barras-teens-infantis",
                                    "imagem": "https://www.continente.pt/dw/image/v2/BDVS_PRD/on/demandware.static/-/Sites-col-master-catalog/default/dw022f059a/images/col/708/7082810-frente.jpg?sw=280&sh=280"
                                },
                                {
                                    "marca": "Continente",
                                    "descricao": "Cereais Pétalas de Chocolate",
                                    "preco": "1,69€",
                                    "preco_antigo": "1,99€",
                                    "quantidade": "emb. 625 gr",
                                    "precoPorQuantidade": "2,70€/kg",
                                    "link": "https://www.continente.pt/produto/cereais-petalas-de-chocolate-continente-6910224.html?cgid=mercearias-cereais-barras-teens-infantis",
                                    "imagem": "https://www.continente.pt/dw/image/v2/BDVS_PRD/on/demandware.static/-/Sites-col-master-catalog/default/dwbe4d2d5f/images/col/691/6910224-frente.jpg?sw=280&sh=280"
                                },
                                {
                                    "marca": "Continente",
                                    "descricao": "Cereais Pétalas de Chocolate",
                                    "preco": "1,09€",
                                    "preco_antigo": "1,29€",
                                    "quantidade": "emb. 375 gr",
                                    "precoPorQuantidade": "2,91€/kg",
                                    "link": "https://www.continente.pt/produto/cereais-petalas-de-chocolate-continente-6615626.html?cgid=mercearias-cereais-barras-teens-infantis",
                                    "imagem": "https://www.continente.pt/dw/image/v2/BDVS_PRD/on/demandware.static/-/Sites-col-master-catalog/default/dwfb58f171/images/col/661/6615626-frente.jpg?sw=280&sh=280"
                                },
                                {
                                    "marca": "Continente",
                                    "descricao": "Cereais Bolas com Chocolate",
                                    "preco": "2,03€",
                                    "preco_antigo": "2,39€",
                                    "quantidade": "emb. 625 gr",
                                    "precoPorQuantidade": "3,25€/kg",
                                    "link": "https://www.continente.pt/produto/cereais-bolas-com-chocolate-continente-6616180.html?cgid=mercearias-cereais-barras-teens-infantis",
                                    "imagem": "https://www.continente.pt/dw/image/v2/BDVS_PRD/on/demandware.static/-/Sites-col-master-catalog/default/dwa8cc959f/images/col/661/6616180-frente.jpg?sw=280&sh=280"
                                },
                                {
                                    "marca": "Continente",
                                    "descricao": "Cereais de Arroz Tufado com Chocolate",
                                    "preco": "1,26€",
                                    "preco_antigo": "1,49€",
                                    "quantidade": "emb. 375 gr",
                                    "precoPorQuantidade": "3,36€/kg",
                                    "link": "https://www.continente.pt/produto/cereais-de-arroz-tufado-com-chocolate-continente-6530960.html?cgid=mercearias-cereais-barras-teens-infantis",
                                    "imagem": "https://www.continente.pt/dw/image/v2/BDVS_PRD/on/demandware.static/-/Sites-col-master-catalog/default/dw43580d92/images/col/653/6530960-frente.jpg?sw=280&sh=280"
                                },
                                {
                                    "marca": "Continente",
                                    "descricao": "Cereais Estrelas de Mel Pack Poupança",
                                    "preco": "3,59€",
                                    "preco_antigo": null,
                                    "quantidade": "emb. 1 kg",
                                    "precoPorQuantidade": "3,59€/kg",
                                    "link": "https://www.continente.pt/produto/cereais-estrelas-de-mel-pack-poupanca-continente-7332667.html?cgid=mercearias-cereais-barras-teens-infantis",
                                    "imagem": "https://www.continente.pt/dw/image/v2/BDVS_PRD/on/demandware.static/-/Sites-col-master-catalog/default/dw5915f0b0/images/col/733/7332667-frente.jpg?sw=280&sh=280"
                                },
                                {
                                    "marca": "Continente",
                                    "descricao": "Cereais Bolas com Chocolate",
                                    "preco": "1,35€",
                                    "preco_antigo": "1,59€",
                                    "quantidade": "emb. 375 gr",
                                    "precoPorQuantidade": "3,60€/kg",
                                    "link": "https://www.continente.pt/produto/cereais-bolas-com-chocolate-continente-6530969.html?cgid=mercearias-cereais-barras-teens-infantis",
                                    "imagem": "https://www.continente.pt/dw/image/v2/BDVS_PRD/on/demandware.static/-/Sites-col-master-catalog/default/dwf370c68a/images/col/653/6530969-frente.jpg?sw=280&sh=280"
                                },
                                {
                                    "marca": "Continente",
                                    "descricao": "Cereais Estrelas de Mel",
                                    "preco": "1,35€",
                                    "preco_antigo": "1,49€",
                                    "quantidade": "emb. 375 gr",
                                    "precoPorQuantidade": "3,60€/kg",
                                    "link": "https://www.continente.pt/produto/cereais-estrelas-de-mel-continente-3675268.html?cgid=mercearias-cereais-barras-teens-infantis",
                                    "imagem": "https://www.continente.pt/dw/image/v2/BDVS_PRD/on/demandware.static/-/Sites-col-master-catalog/default/dw2b126b98/images/col/367/3675268-hero.jpg?sw=280&sh=280"
                                },
                                {
                                    "marca": "Nacional",
                                    "descricao": "Cereais Starz com Mel",
                                    "preco": "3,74€",
                                    "preco_antigo": null,
                                    "quantidade": "emb. 1 kg",
                                    "precoPorQuantidade": "3,74€/kg",
                                    "link": "https://www.continente.pt/produto/cereais-starz-com-mel-nacional-7619971.html?cgid=mercearias-cereais-barras-teens-infantis",
                                    "imagem": "https://www.continente.pt/dw/image/v2/BDVS_PRD/on/demandware.static/-/Sites-col-master-catalog/default/dw5d791fd4/images/col/761/7619971-frente.jpg?sw=280&sh=280"
                                },
                                {
                                    "marca": "Nacional",
                                    "descricao": "Cereais Chocomax",
                                    "preco": "3,74€",
                                    "preco_antigo": null,
                                    "quantidade": "emb. 1 kg",
                                    "precoPorQuantidade": "3,74€/kg",
                                    "link": "https://www.continente.pt/produto/cereais-chocomax-nacional-7619973.html?cgid=mercearias-cereais-barras-teens-infantis",
                                    "imagem": "https://www.continente.pt/dw/image/v2/BDVS_PRD/on/demandware.static/-/Sites-col-master-catalog/default/dw0469a55b/images/col/761/7619973-frente.jpg?sw=280&sh=280"
                                },
                                {
                                    "marca": "Continente",
                                    "descricao": "Cereais com Recheio Chocolate e Avelã",
                                    "preco": "1,49€",
                                    "preco_antigo": null,
                                    "quantidade": "emb. 375 gr",
                                    "precoPorQuantidade": "3,97€/kg",
                                    "link": "https://www.continente.pt/produto/cereais-com-recheio-chocolate-e-avela-continente-3851533.html?cgid=mercearias-cereais-barras-teens-infantis",
                                    "imagem": "https://www.continente.pt/dw/image/v2/BDVS_PRD/on/demandware.static/-/Sites-col-master-catalog/default/dw71ebf3f9/images/col/385/3851533-hero.jpg?sw=280&sh=280"
                                },
                                {
                                    "marca": "Nacional",
                                    "descricao": "Cereais Starz com Mel",
                                    "preco": "2,59€",
                                    "preco_antigo": null,
                                    "quantidade": "emb. 650 gr",
                                    "precoPorQuantidade": "3,98€/kg",
                                    "link": "https://www.continente.pt/produto/cereais-starz-com-mel-nacional-7208745.html?cgid=mercearias-cereais-barras-teens-infantis",
                                    "imagem": "https://www.continente.pt/dw/image/v2/BDVS_PRD/on/demandware.static/-/Sites-col-master-catalog/default/dw9202a205/images/col/720/7208745-frente.jpg?sw=280&sh=280"
                                },
                                {
                                    "marca": "Nacional",
                                    "descricao": "Cereais Cookie'z",
                                    "preco": "2,59€",
                                    "preco_antigo": null,
                                    "quantidade": "emb. 650 gr",
                                    "precoPorQuantidade": "3,98€/kg",
                                    "link": "https://www.continente.pt/produto/cereais-cookiez-nacional-7537034.html?cgid=mercearias-cereais-barras-teens-infantis",
                                    "imagem": "https://www.continente.pt/dw/image/v2/BDVS_PRD/on/demandware.static/-/Sites-col-master-catalog/default/dw8f2bf81a/images/col/753/7537034-frente.jpg?sw=280&sh=280"
                                },
                                {
                                    "marca": "Continente",
                                    "descricao": "Bolas de Cereais de Milho com Mel",
                                    "preco": "1,99€",
                                    "preco_antigo": null,
                                    "quantidade": "emb. 500 gr",
                                    "precoPorQuantidade": "3,98€/kg",
                                    "link": "https://www.continente.pt/produto/bolas-de-cereais-de-milho-com-mel-continente-6530946.html?cgid=mercearias-cereais-barras-teens-infantis",
                                    "imagem": "https://www.continente.pt/dw/image/v2/BDVS_PRD/on/demandware.static/-/Sites-col-master-catalog/default/dw8ccf0083/images/col/653/6530946-esquerdo.jpg?sw=280&sh=280"
                                },
                                {
                                    "marca": "Nacional",
                                    "descricao": "Cereais com Chocolate Chocomax",
                                    "preco": "2,59€",
                                    "preco_antigo": null,
                                    "quantidade": "emb. 650 gr",
                                    "precoPorQuantidade": "3,98€/kg",
                                    "link": "https://www.continente.pt/produto/cereais-com-chocolate-chocomax-nacional-6458653.html?cgid=mercearias-cereais-barras-teens-infantis",
                                    "imagem": "https://www.continente.pt/dw/image/v2/BDVS_PRD/on/demandware.static/-/Sites-col-master-catalog/default/dw590c29ad/images/col/645/6458653-frente.jpg?sw=280&sh=280"
                                },
                                {
                                    "marca": "Nesquik",
                                    "descricao": "Cereais Trigo com Chocolate Nesquik",
                                    "preco": "3,99€",
                                    "preco_antigo": null,
                                    "quantidade": "emb. 950 gr",
                                    "precoPorQuantidade": "4,20€/kg",
                                    "link": "https://www.continente.pt/produto/cereais-trigo-com-chocolate-nesquik-nesquik-7393888.html?cgid=mercearias-cereais-barras-teens-infantis",
                                    "imagem": "https://www.continente.pt/dw/image/v2/BDVS_PRD/on/demandware.static/-/Sites-col-master-catalog/default/dw2198f251/images/col/739/7393888-hero.jpg?sw=280&sh=280"
                                },
                                {
                                    "marca": "Continente",
                                    "descricao": "Cereais Crockers Recheio de Leite",
                                    "preco": "1,59€",
                                    "preco_antigo": null,
                                    "quantidade": "emb. 375 gr",
                                    "precoPorQuantidade": "4,24€/kg",
                                    "link": "https://www.continente.pt/produto/cereais-crockers-recheio-de-leite-continente-6763565.html?cgid=mercearias-cereais-barras-teens-infantis",
                                    "imagem": "https://www.continente.pt/dw/image/v2/BDVS_PRD/on/demandware.static/-/Sites-col-master-catalog/default/dwb8e3463a/images/col/676/6763565-frente.jpg?sw=280&sh=280"
                                },
                                {
                                    "marca": "Continente",
                                    "descricao": "Cereais Choco Cookies",
                                    "preco": "1,60€",
                                    "preco_antigo": "1,89€",
                                    "quantidade": "emb. 375 gr",
                                    "precoPorQuantidade": "4,27€/kg",
                                    "link": "https://www.continente.pt/produto/cereais-choco-cookies-continente-5140530.html?cgid=mercearias-cereais-barras-teens-infantis",
                                    "imagem": "https://www.continente.pt/dw/image/v2/BDVS_PRD/on/demandware.static/-/Sites-col-master-catalog/default/dw9472b4db/images/col/514/5140530-hero.jpg?sw=280&sh=280"
                                },
                                {
                                    "marca": "Continente",
                                    "descricao": "Cereais Golden Squares",
                                    "preco": "1,69€",
                                    "preco_antigo": "1,99€",
                                    "quantidade": "emb. 375 gr",
                                    "precoPorQuantidade": "4,51€/kg",
                                    "link": "https://www.continente.pt/produto/cereais-golden-squares-continente-4100610.html?cgid=mercearias-cereais-barras-teens-infantis",
                                    "imagem": "https://www.continente.pt/dw/image/v2/BDVS_PRD/on/demandware.static/-/Sites-col-master-catalog/default/dw8813e9eb/images/col/410/4100610-hero.jpg?sw=280&sh=280"
                                },
                                {
                                    "marca": "Estrelitas",
                                    "descricao": "Cereais Estrelitas Mel",
                                    "preco": "2,69€",
                                    "preco_antigo": null,
                                    "quantidade": "emb. 550 gr",
                                    "precoPorQuantidade": "4,89€/kg",
                                    "link": "https://www.continente.pt/produto/cereais-estrelitas-mel-estrelitas-6172488.html?cgid=mercearias-cereais-barras-teens-infantis",
                                    "imagem": "https://www.continente.pt/dw/image/v2/BDVS_PRD/on/demandware.static/-/Sites-col-master-catalog/default/dw2386b74c/images/col/617/6172488-hero.jpg?sw=280&sh=280"
                                },
                                {
                                    "marca": "Kellogg's",
                                    "descricao": "Cereais Krave de Avelã",
                                    "preco": "2,99€",
                                    "preco_antigo": null,
                                    "quantidade": "emb. 600 gr",
                                    "precoPorQuantidade": "4,98€/kg",
                                    "link": "https://www.continente.pt/produto/cereais-krave-de-avela-kelloggs-6160124.html?cgid=mercearias-cereais-barras-teens-infantis",
                                    "imagem": "https://www.continente.pt/dw/image/v2/BDVS_PRD/on/demandware.static/-/Sites-col-master-catalog/default/dw28f0f0f9/images/col/616/6160124-direito.jpg?sw=280&sh=280"
                                },
                                {
                                    "marca": "Continente",
                                    "descricao": "Cereais Argolas com Mel",
                                    "preco": "1,89€",
                                    "preco_antigo": null,
                                    "quantidade": "emb. 375 gr",
                                    "precoPorQuantidade": "5,04€/kg",
                                    "link": "https://www.continente.pt/produto/cereais-argolas-com-mel-continente-5051808.html?cgid=mercearias-cereais-barras-teens-infantis",
                                    "imagem": "https://www.continente.pt/dw/image/v2/BDVS_PRD/on/demandware.static/-/Sites-col-master-catalog/default/dw8e51466f/images/col/505/5051808-hero.jpg?sw=280&sh=280"
                                },
                                {
                                    "marca": "Nestum",
                                    "descricao": "Nestum Mel",
                                    "preco": "3,09€",
                                    "preco_antigo": null,
                                    "quantidade": "emb. 600 gr",
                                    "precoPorQuantidade": "5,15€/kg",
                                    "link": "https://www.continente.pt/produto/nestum-mel-nestum-7554421.html?cgid=mercearias-cereais-barras-teens-infantis",
                                    "imagem": "https://www.continente.pt/dw/image/v2/BDVS_PRD/on/demandware.static/-/Sites-col-master-catalog/default/dwefb94583/images/col/755/7554421-frente.jpg?sw=280&sh=280"
                                },
                                {
                                    "marca": "Lion",
                                    "descricao": "Cereais Lion Maxi",
                                    "preco": "3,59€",
                                    "preco_antigo": null,
                                    "quantidade": "emb. 675 gr",
                                    "precoPorQuantidade": "5,32€/un",
                                    "link": "https://www.continente.pt/produto/cereais-lion-maxi-lion-7604027.html?cgid=mercearias-cereais-barras-teens-infantis",
                                    "imagem": "https://www.continente.pt/dw/image/v2/BDVS_PRD/on/demandware.static/-/Sites-col-master-catalog/default/dw4180fd3f/images/col/760/7604027-hero.jpg?sw=280&sh=280"
                                },
                                {
                                    "marca": "Chocapic",
                                    "descricao": "Cereais Chocapic Chocolate",
                                    "preco": "2,09€",
                                    "preco_antigo": null,
                                    "quantidade": "emb. 375 gr",
                                    "precoPorQuantidade": "5,57€/kg",
                                    "link": "https://www.continente.pt/produto/cereais-chocapic-chocolate-chocapic-2004742.html?cgid=mercearias-cereais-barras-teens-infantis",
                                    "imagem": "https://www.continente.pt/dw/image/v2/BDVS_PRD/on/demandware.static/-/Sites-col-master-catalog/default/dwf11e5e6f/images/col/200/2004742-hero.jpg?sw=280&sh=280"
                                },
                                {
                                    "marca": "Estrelitas",
                                    "descricao": "Cereais Estrelitas Mel",
                                    "preco": "1,54€",
                                    "preco_antigo": null,
                                    "quantidade": "emb. 270 gr",
                                    "precoPorQuantidade": "5,70€/kg",
                                    "link": "https://www.continente.pt/produto/cereais-estrelitas-mel-estrelitas-7181155.html?cgid=mercearias-cereais-barras-teens-infantis",
                                    "imagem": "https://www.continente.pt/dw/image/v2/BDVS_PRD/on/demandware.static/-/Sites-col-master-catalog/default/dwa4d788b8/images/col/718/7181155-hero.jpg?sw=280&sh=280"
                                },
                                {
                                    "marca": "Lion",
                                    "descricao": "Cereais Lion Caramelo e Chocolate",
                                    "preco": "2,29€",
                                    "preco_antigo": null,
                                    "quantidade": "emb. 400 gr",
                                    "precoPorQuantidade": "5,73€/kg",
                                    "link": "https://www.continente.pt/produto/cereais-lion-caramelo-e-chocolate-lion-4436846.html?cgid=mercearias-cereais-barras-teens-infantis",
                                    "imagem": "https://www.continente.pt/dw/image/v2/BDVS_PRD/on/demandware.static/-/Sites-col-master-catalog/default/dwcf081abe/images/col/443/4436846-hero.jpg?sw=280&sh=280"
                                },
                                {
                                    "marca": "Kellogg's",
                                    "descricao": "Cereais Krave Chocolate Negro",
                                    "preco": "2,44€",
                                    "preco_antigo": null,
                                    "quantidade": "emb. 410 gr",
                                    "precoPorQuantidade": "5,95€/kg",
                                    "link": "https://www.continente.pt/produto/cereais-krave-chocolate-negro-kelloggs-7325246.html?cgid=mercearias-cereais-barras-teens-infantis",
                                    "imagem": "https://www.continente.pt/dw/image/v2/BDVS_PRD/on/demandware.static/-/Sites-col-master-catalog/default/dw0350c72d/images/col/732/7325246-frente.jpg?sw=280&sh=280"
                                },
                                {
                                    "marca": "Kellogg's",
                                    "descricao": "Cereais Krave Chocolate e Avelã",
                                    "preco": "2,44€",
                                    "preco_antigo": null,
                                    "quantidade": "emb. 410 gr",
                                    "precoPorQuantidade": "5,95€/kg",
                                    "link": "https://www.continente.pt/produto/cereais-krave-chocolate-e-avela-kelloggs-7550538.html?cgid=mercearias-cereais-barras-teens-infantis",
                                    "imagem": "https://www.continente.pt/dw/image/v2/BDVS_PRD/on/demandware.static/-/Sites-col-master-catalog/default/dwa4cdfb59/images/col/755/7550538-direito.jpg?sw=280&sh=280"
                                },
                                {
                                    "marca": "Kellogg's",
                                    "descricao": "Cereais Krave com Sabor a Leite",
                                    "preco": "2,44€",
                                    "preco_antigo": null,
                                    "quantidade": "emb. 410 gr",
                                    "precoPorQuantidade": "5,95€/kg",
                                    "link": "https://www.continente.pt/produto/cereais-krave-com-sabor-a-leite-kelloggs-7620612.html?cgid=mercearias-cereais-barras-teens-infantis",
                                    "imagem": "https://www.continente.pt/dw/image/v2/BDVS_PRD/on/demandware.static/-/Sites-col-master-catalog/default/dwf1fc69fa/images/col/762/7620612-frente.jpg?sw=280&sh=280"
                                },
                                {
                                    "marca": "Kellogg's",
                                    "descricao": "Cereais Krave Chocolate de Leite",
                                    "preco": "2,44€",
                                    "preco_antigo": null,
                                    "quantidade": "emb. 410 gr",
                                    "precoPorQuantidade": "5,95€/kg",
                                    "link": "https://www.continente.pt/produto/cereais-krave-chocolate-de-leite-kelloggs-7579205.html?cgid=mercearias-cereais-barras-teens-infantis",
                                    "imagem": "https://www.continente.pt/dw/image/v2/BDVS_PRD/on/demandware.static/-/Sites-col-master-catalog/default/dwc5466c6e/images/col/757/7579205-direito.jpg?sw=280&sh=280"
                                },
                                {
                                    "marca": "Kellogg's",
                                    "descricao": "Cereais Smacks",
                                    "preco": "2,29€",
                                    "preco_antigo": null,
                                    "quantidade": "emb. 375 gr",
                                    "precoPorQuantidade": "6,11€/kg",
                                    "link": "https://www.continente.pt/produto/cereais-smacks-kelloggs-6902890.html?cgid=mercearias-cereais-barras-teens-infantis",
                                    "imagem": "https://www.continente.pt/dw/image/v2/BDVS_PRD/on/demandware.static/-/Sites-col-master-catalog/default/dw05fd2693/images/col/690/6902890-direito.jpg?sw=280&sh=280"
                                },
                                {
                                    "marca": "Crunch",
                                    "descricao": "Cereais Crunch Chocolate",
                                    "preco": "2,29€",
                                    "preco_antigo": null,
                                    "quantidade": "emb. 375 gr",
                                    "precoPorQuantidade": "6,11€/kg",
                                    "link": "https://www.continente.pt/produto/cereais-crunch-chocolate-crunch-2572402.html?cgid=mercearias-cereais-barras-teens-infantis",
                                    "imagem": "https://www.continente.pt/dw/image/v2/BDVS_PRD/on/demandware.static/-/Sites-col-master-catalog/default/dwe04b95e1/images/col/257/2572402-hero.jpg?sw=280&sh=280"
                                },
                                {
                                    "marca": "Kellogg's",
                                    "descricao": "Cereais Froot Loops",
                                    "preco": "2,29€",
                                    "preco_antigo": null,
                                    "quantidade": "emb. 375 gr",
                                    "precoPorQuantidade": "6,11€/kg",
                                    "link": "https://www.continente.pt/produto/cereais-froot-loops-kelloggs-6683276.html?cgid=mercearias-cereais-barras-teens-infantis",
                                    "imagem": "https://www.continente.pt/dw/image/v2/BDVS_PRD/on/demandware.static/-/Sites-col-master-catalog/default/dwc72add15/images/col/668/6683276-frente.jpg?sw=280&sh=280"
                                },
                                {
                                    "marca": "Kellogg's",
                                    "descricao": "Cereais Frosties Milho Doce",
                                    "preco": "2,29€",
                                    "preco_antigo": null,
                                    "quantidade": "emb. 375 gr",
                                    "precoPorQuantidade": "6,11€/kg",
                                    "link": "https://www.continente.pt/produto/cereais-frosties-milho-doce-kelloggs-2062301.html?cgid=mercearias-cereais-barras-teens-infantis",
                                    "imagem": "https://www.continente.pt/dw/image/v2/BDVS_PRD/on/demandware.static/-/Sites-col-master-catalog/default/dw772f0c7e/images/col/206/2062301-direito.jpg?sw=280&sh=280"
                                },
                                {
                                    "marca": "Golden Grahams",
                                    "descricao": "Cereais Golden Grahams",
                                    "preco": "2,29€",
                                    "preco_antigo": null,
                                    "quantidade": "emb. 375 gr",
                                    "precoPorQuantidade": "6,11€/kg",
                                    "link": "https://www.continente.pt/produto/cereais-golden-grahams-golden-grahams-6508562.html?cgid=mercearias-cereais-barras-teens-infantis",
                                    "imagem": "https://www.continente.pt/dw/image/v2/BDVS_PRD/on/demandware.static/-/Sites-col-master-catalog/default/dw2c18fbf3/images/col/650/6508562-hero.jpg?sw=280&sh=280"
                                },
                                {
                                    "marca": "Kellogg's",
                                    "descricao": "Cereais Miel Pops",
                                    "preco": "2,29€",
                                    "preco_antigo": null,
                                    "quantidade": "emb. 375 gr",
                                    "precoPorQuantidade": "6,11€/kg",
                                    "link": "https://www.continente.pt/produto/cereais-miel-pops-kelloggs-7394708.html?cgid=mercearias-cereais-barras-teens-infantis",
                                    "imagem": "https://www.continente.pt/dw/image/v2/BDVS_PRD/on/demandware.static/-/Sites-col-master-catalog/default/dwbe79ffcc/images/col/739/7394708-direito.jpg?sw=280&sh=280"
                                },
                                {
                                    "marca": "Kellogg's",
                                    "descricao": "Cereais Krispies Chocolate",
                                    "preco": "2,29€",
                                    "preco_antigo": null,
                                    "quantidade": "emb. 375 gr",
                                    "precoPorQuantidade": "6,11€/kg",
                                    "link": "https://www.continente.pt/produto/cereais-krispies-chocolate-kelloggs-2212833.html?cgid=mercearias-cereais-barras-teens-infantis",
                                    "imagem": "https://www.continente.pt/dw/image/v2/BDVS_PRD/on/demandware.static/-/Sites-col-master-catalog/default/dw8f1b5a14/images/col/221/2212833-frente.jpg?sw=280&sh=280"
                                },
                                {
                                    "marca": "Lion",
                                    "descricao": "Cereais Lion Wild",
                                    "preco": "2,29€",
                                    "preco_antigo": null,
                                    "quantidade": "emb. 360 gr",
                                    "precoPorQuantidade": "6,36€/kg",
                                    "link": "https://www.continente.pt/produto/cereais-lion-wild-lion-7537805.html?cgid=mercearias-cereais-barras-teens-infantis",
                                    "imagem": "https://www.continente.pt/dw/image/v2/BDVS_PRD/on/demandware.static/-/Sites-col-master-catalog/default/dwfa38311a/images/col/753/7537805-hero.jpg?sw=280&sh=280"
                                },
                                {
                                    "marca": "Nestlé",
                                    "descricao": "Cereais Cini Minis Churros",
                                    "preco": "2,29€",
                                    "preco_antigo": null,
                                    "quantidade": "emb. 360 gr",
                                    "precoPorQuantidade": "6,36€/kg",
                                    "link": "https://www.continente.pt/produto/cereais-cini-minis-churros-nestle-7588294.html?cgid=mercearias-cereais-barras-teens-infantis",
                                    "imagem": "https://www.continente.pt/dw/image/v2/BDVS_PRD/on/demandware.static/-/Sites-col-master-catalog/default/dwf5e9bf5b/images/col/758/7588294-hero.jpg?sw=280&sh=280"
                                },
                                {
                                    "marca": "Nestum",
                                    "descricao": "Nestum Aveia e Morango com Cereais Integrais",
                                    "preco": "1,64€",
                                    "preco_antigo": null,
                                    "quantidade": "emb. 250 gr",
                                    "precoPorQuantidade": "6,56€/kg",
                                    "link": "https://www.continente.pt/produto/nestum-aveia-e-morango-com-cereais-integrais-nestum-6302642.html?cgid=mercearias-cereais-barras-teens-infantis",
                                    "imagem": "https://www.continente.pt/dw/image/v2/BDVS_PRD/on/demandware.static/-/Sites-col-master-catalog/default/dw3ba43e79/images/col/630/6302642-hero.jpg?sw=280&sh=280"
                                },
                                {
                                    "marca": "Nestum",
                                    "descricao": "Nestum Bolacha Maria",
                                    "preco": "1,64€",
                                    "preco_antigo": null,
                                    "quantidade": "emb. 250 gr",
                                    "precoPorQuantidade": "6,56€/kg",
                                    "link": "https://www.continente.pt/produto/nestum-bolacha-maria-nestum-5907390.html?cgid=mercearias-cereais-barras-teens-infantis",
                                    "imagem": "https://www.continente.pt/dw/image/v2/BDVS_PRD/on/demandware.static/-/Sites-col-master-catalog/default/dwf7bb6d6c/images/col/590/5907390-hero.jpg?sw=280&sh=280"
                                },
                                {
                                    "marca": "Nestum",
                                    "descricao": "Nestum Espelta e Aveia Zero",
                                    "preco": "1,64€",
                                    "preco_antigo": null,
                                    "quantidade": "emb. 250 gr",
                                    "precoPorQuantidade": "6,56€/kg",
                                    "link": "https://www.continente.pt/produto/nestum-espelta-e-aveia-zero-nestum-6909794.html?cgid=mercearias-cereais-barras-teens-infantis",
                                    "imagem": "https://www.continente.pt/dw/image/v2/BDVS_PRD/on/demandware.static/-/Sites-col-master-catalog/default/dw6e99e4f1/images/col/690/6909794-hero.jpg?sw=280&sh=280"
                                },
                                {
                                    "marca": "Nestum",
                                    "descricao": "Nestum 5 Cereais com Cereais Integrais",
                                    "preco": "1,64€",
                                    "preco_antigo": null,
                                    "quantidade": "emb. 250 gr",
                                    "precoPorQuantidade": "6,56€/kg",
                                    "link": "https://www.continente.pt/produto/nestum-5-cereais-com-cereais-integrais-nestum-4947901.html?cgid=mercearias-cereais-barras-teens-infantis",
                                    "imagem": "https://www.continente.pt/dw/image/v2/BDVS_PRD/on/demandware.static/-/Sites-col-master-catalog/default/dw22b60109/images/col/494/4947901-hero.jpg?sw=280&sh=280"
                                },
                                {
                                    "marca": "Nestum",
                                    "descricao": "Nestum Aveia e Maçã com Cereais Integrais",
                                    "preco": "1,64€",
                                    "preco_antigo": null,
                                    "quantidade": "emb. 250 gr",
                                    "precoPorQuantidade": "6,56€/gr",
                                    "link": "https://www.continente.pt/produto/nestum-aveia-e-maca-com-cereais-integrais-nestum-6302646.html?cgid=mercearias-cereais-barras-teens-infantis",
                                    "imagem": "https://www.continente.pt/dw/image/v2/BDVS_PRD/on/demandware.static/-/Sites-col-master-catalog/default/dwd4b998d8/images/col/630/6302646-hero.jpg?sw=280&sh=280"
                                },
                                {
                                    "marca": "Nestum",
                                    "descricao": "Nestum Chocolate",
                                    "preco": "1,64€",
                                    "preco_antigo": null,
                                    "quantidade": "emb. 250 gr",
                                    "precoPorQuantidade": "6,56€/kg",
                                    "link": "https://www.continente.pt/produto/nestum-chocolate-nestum-5880609.html?cgid=mercearias-cereais-barras-teens-infantis",
                                    "imagem": "https://www.continente.pt/dw/image/v2/BDVS_PRD/on/demandware.static/-/Sites-col-master-catalog/default/dwaee2afe2/images/col/588/5880609-frente.jpg?sw=280&sh=280"
                                },
                                {
                                    "marca": "Chocapic",
                                    "descricao": "Cereais Chocapic",
                                    "preco": "4,99€",
                                    "preco_antigo": null,
                                    "quantidade": "emb. 740 gr + 35% grátis",
                                    "precoPorQuantidade": "6,74€/kg",
                                    "link": "https://www.continente.pt/produto/cereais-chocapic-chocapic-6950837.html?cgid=mercearias-cereais-barras-teens-infantis",
                                    "imagem": "https://www.continente.pt/dw/image/v2/BDVS_PRD/on/demandware.static/-/Sites-col-master-catalog/default/dw9c986406/images/col/695/6950837-hero.jpg?sw=280&sh=280"
                                },
                                {
                                    "marca": "Kellogg's",
                                    "descricao": "Cereais Rice Krispies Arroz Tostado com Mel",
                                    "preco": "2,29€",
                                    "preco_antigo": null,
                                    "quantidade": "emb. 340 gr",
                                    "precoPorQuantidade": "6,74€/kg",
                                    "link": "https://www.continente.pt/produto/cereais-rice-krispies-arroz-tostado-com-mel-kelloggs-6546042.html?cgid=mercearias-cereais-barras-teens-infantis",
                                    "imagem": "https://www.continente.pt/dw/image/v2/BDVS_PRD/on/demandware.static/-/Sites-col-master-catalog/default/dw6953e9b9/images/col/654/6546042-direito.jpg?sw=280&sh=280"
                                },
                                {
                                    "marca": "Kellogg's",
                                    "descricao": "Cereais Zimmy Canela",
                                    "preco": "2,29€",
                                    "preco_antigo": null,
                                    "quantidade": "emb. 330 gr",
                                    "precoPorQuantidade": "6,94€/kg",
                                    "link": "https://www.continente.pt/produto/cereais-zimmy-canela-kelloggs-7334066.html?cgid=mercearias-cereais-barras-teens-infantis",
                                    "imagem": "https://www.continente.pt/dw/image/v2/BDVS_PRD/on/demandware.static/-/Sites-col-master-catalog/default/dw90437357/images/col/733/7334066-hero.jpg?sw=280&sh=280"
                                },
                                {
                                    "marca": "Chocapic",
                                    "descricao": "Cereais Chocapic Chocolate",
                                    "preco": "4,49€",
                                    "preco_antigo": null,
                                    "quantidade": "emb. 625 gr",
                                    "precoPorQuantidade": "7,18€/kg",
                                    "link": "https://www.continente.pt/produto/cereais-chocapic-chocolate-chocapic-2478141.html?cgid=mercearias-cereais-barras-teens-infantis",
                                    "imagem": "https://www.continente.pt/dw/image/v2/BDVS_PRD/on/demandware.static/-/Sites-col-master-catalog/default/dw1bf9f3b2/images/col/247/2478141-hero.jpg?sw=280&sh=280"
                                },
                                {
                                    "marca": "Chocapic",
                                    "descricao": "Cereais Chocapic Chocolate Duo",
                                    "preco": "2,89€",
                                    "preco_antigo": null,
                                    "quantidade": "emb. 400 gr",
                                    "precoPorQuantidade": "7,23€/kg",
                                    "link": "https://www.continente.pt/produto/cereais-chocapic-chocolate-duo-chocapic-5297767.html?cgid=mercearias-cereais-barras-teens-infantis",
                                    "imagem": "https://www.continente.pt/dw/image/v2/BDVS_PRD/on/demandware.static/-/Sites-col-master-catalog/default/dw4fc46233/images/col/529/5297767-hero.jpg?sw=280&sh=280"
                                },
                                {
                                    "marca": "Nesquik",
                                    "descricao": "Cereais Nesquik",
                                    "preco": "4,59€",
                                    "preco_antigo": null,
                                    "quantidade": "emb. 625 gr",
                                    "precoPorQuantidade": "7,34€/kg",
                                    "link": "https://www.continente.pt/produto/cereais-nesquik-nesquik-3799402.html?cgid=mercearias-cereais-barras-teens-infantis",
                                    "imagem": "https://www.continente.pt/dw/image/v2/BDVS_PRD/on/demandware.static/-/Sites-col-master-catalog/default/dw4d0ad90d/images/col/379/3799402-hero.jpg?sw=280&sh=280"
                                },
                                {
                                    "marca": "Nestum",
                                    "descricao": "Nestum Arroz Zero sem Glúten",
                                    "preco": "1,84€",
                                    "preco_antigo": null,
                                    "quantidade": "emb. 250 gr",
                                    "precoPorQuantidade": "7,36€/kg",
                                    "link": "https://www.continente.pt/produto/nestum-arroz-zero-sem-gluten-nestum-6957306.html?cgid=mercearias-cereais-barras-teens-infantis",
                                    "imagem": "https://www.continente.pt/dw/image/v2/BDVS_PRD/on/demandware.static/-/Sites-col-master-catalog/default/dw1b76e441/images/col/695/6957306-hero.jpg?sw=280&sh=280"
                                },
                                {
                                    "marca": "Nestum",
                                    "descricao": "Nestum Mel",
                                    "preco": "2,29€",
                                    "preco_antigo": null,
                                    "quantidade": "emb. 300 gr",
                                    "precoPorQuantidade": "7,63€/kg",
                                    "link": "https://www.continente.pt/produto/nestum-mel-nestum-2004805.html?cgid=mercearias-cereais-barras-teens-infantis",
                                    "imagem": "https://www.continente.pt/dw/image/v2/BDVS_PRD/on/demandware.static/-/Sites-col-master-catalog/default/dw193eb697/images/col/200/2004805-frente.jpg?sw=280&sh=280"
                                },
                                {
                                    "marca": "Nesquik",
                                    "descricao": "Cereais Trigo com Chocolate Nesquik",
                                    "preco": "2,29€",
                                    "preco_antigo": null,
                                    "quantidade": "emb. 300 gr",
                                    "precoPorQuantidade": "7,63€/kg",
                                    "link": "https://www.continente.pt/produto/cereais-trigo-com-chocolate-nesquik-nesquik-7393889.html?cgid=mercearias-cereais-barras-teens-infantis",
                                    "imagem": "https://www.continente.pt/dw/image/v2/BDVS_PRD/on/demandware.static/-/Sites-col-master-catalog/default/dwca5c7974/images/col/739/7393889-hero.jpg?sw=280&sh=280"
                                },
                                {
                                    "marca": "Cheerios",
                                    "descricao": "Cereais Cheerios Trigo, Mel e Aveia",
                                    "preco": "2,89€",
                                    "preco_antigo": null,
                                    "quantidade": "emb. 375 gr",
                                    "precoPorQuantidade": "7,71€/kg",
                                    "link": "https://www.continente.pt/produto/cereais-cheerios-trigo-mel-e-aveia-cheerios-2024560.html?cgid=mercearias-cereais-barras-teens-infantis",
                                    "imagem": "https://www.continente.pt/dw/image/v2/BDVS_PRD/on/demandware.static/-/Sites-col-master-catalog/default/dw605d1aa8/images/col/202/2024560-hero.jpg?sw=280&sh=280"
                                },
                                {
                                    "marca": "Nestum",
                                    "descricao": "Nestum Mel com Cereais Integrais",
                                    "preco": "2,19€",
                                    "preco_antigo": null,
                                    "quantidade": "emb. 250 gr",
                                    "precoPorQuantidade": "8,76€/kg",
                                    "link": "https://www.continente.pt/produto/nestum-mel-com-cereais-integrais-nestum-4961652.html?cgid=mercearias-cereais-barras-teens-infantis",
                                    "imagem": "https://www.continente.pt/dw/image/v2/BDVS_PRD/on/demandware.static/-/Sites-col-master-catalog/default/dw363174db/images/col/496/4961652-frente.jpg?sw=280&sh=280"
                                },
                                {
                                    "marca": "Cheerios",
                                    "descricao": "Cereais Cheerios Biológicos",
                                    "preco": "2,99€",
                                    "preco_antigo": null,
                                    "quantidade": "emb. 330 gr",
                                    "precoPorQuantidade": "9,06€/kg",
                                    "link": "https://www.continente.pt/produto/cereais-cheerios-biologicos-cheerios-6779099.html?cgid=mercearias-cereais-barras-teens-infantis",
                                    "imagem": "https://www.continente.pt/dw/image/v2/BDVS_PRD/on/demandware.static/-/Sites-col-master-catalog/default/dwf1a248ff/images/col/677/6779099-hero.jpg?sw=280&sh=280"
                                },
                                {
                                    "marca": "Cookie Crisp",
                                    "descricao": "Cereais Cookie Crisp Pepitas de Chocolate",
                                    "preco": "3,89€",
                                    "preco_antigo": null,
                                    "quantidade": "emb. 375 gr",
                                    "precoPorQuantidade": "10,37€/kg",
                                    "link": "https://www.continente.pt/produto/cereais-cookie-crisp-pepitas-de-chocolate-cookie-crisp-2894012.html?cgid=mercearias-cereais-barras-teens-infantis",
                                    "imagem": "https://www.continente.pt/dw/image/v2/BDVS_PRD/on/demandware.static/-/Sites-col-master-catalog/default/dw173faa1f/images/col/289/2894012-hero.jpg?sw=280&sh=280"
                                },
                                {
                                    "marca": "Nestlé",
                                    "descricao": "Cereais Chocapic Biológicos",
                                    "preco": "3,99€",
                                    "preco_antigo": null,
                                    "quantidade": "emb. 330 gr",
                                    "precoPorQuantidade": "12,09€/kg",
                                    "link": "https://www.continente.pt/produto/cereais-chocapic-biologicos-nestle-6779102.html?cgid=mercearias-cereais-barras-teens-infantis",
                                    "imagem": "https://www.continente.pt/dw/image/v2/BDVS_PRD/on/demandware.static/-/Sites-col-master-catalog/default/dw9d4da0eb/images/col/677/6779102-hero.jpg?sw=280&sh=280"
                                },
                                {
                                    "marca": "Nat",
                                    "descricao": "Cereais Nat Ursinhos Mel",
                                    "preco": "2,74€",
                                    "preco_antigo": null,
                                    "quantidade": "emb. 6 x 32 gr",
                                    "precoPorQuantidade": "14,27€/kg",
                                    "link": "https://www.continente.pt/produto/cereais-nat-ursinhos-mel-nat-7183206.html?cgid=mercearias-cereais-barras-teens-infantis",
                                    "imagem": "https://www.continente.pt/dw/image/v2/BDVS_PRD/on/demandware.static/-/Sites-col-master-catalog/default/dw355f77ae/images/col/718/7183206-hero.png?sw=280&sh=280"
                                },
                                {
                                    "marca": "Nat",
                                    "descricao": "Cereais Ursinhos Chocolate Nat",
                                    "preco": "2,74€",
                                    "preco_antigo": null,
                                    "quantidade": "emb. 6 x 32 gr",
                                    "precoPorQuantidade": "14,27€/kg",
                                    "link": "https://www.continente.pt/produto/cereais-ursinhos-chocolate-nat-nat-7183222.html?cgid=mercearias-cereais-barras-teens-infantis",
                                    "imagem": "https://www.continente.pt/dw/image/v2/BDVS_PRD/on/demandware.static/-/Sites-col-master-catalog/default/dw0fe76ceb/images/col/718/7183222-hero.png?sw=280&sh=280"
                                },
                                {
                                    "marca": "Nestlé",
                                    "descricao": "Nestum Super Imunidade",
                                    "preco": "3,39€",
                                    "preco_antigo": null,
                                    "quantidade": "emb. 210 gr",
                                    "precoPorQuantidade": "16,14€/kg",
                                    "link": "https://www.continente.pt/produto/nestum-super-imunidade-nestle-7413149.html?cgid=mercearias-cereais-barras-teens-infantis",
                                    "imagem": "https://www.continente.pt/dw/image/v2/BDVS_PRD/on/demandware.static/-/Sites-col-master-catalog/default/dw9085eb3b/images/col/741/7413149-hero.jpg?sw=280&sh=280"
                                },
                                {
                                    "marca": "Nestlé",
                                    "descricao": "Nestum Super Digestão",
                                    "preco": "3,39€",
                                    "preco_antigo": null,
                                    "quantidade": "emb. 210 gr",
                                    "precoPorQuantidade": "16,14€/kg",
                                    "link": "https://www.continente.pt/produto/nestum-super-digestao-nestle-7413150.html?cgid=mercearias-cereais-barras-teens-infantis",
                                    "imagem": "https://www.continente.pt/dw/image/v2/BDVS_PRD/on/demandware.static/-/Sites-col-master-catalog/default/dw31e387f4/images/col/741/7413150-hero.jpg?sw=280&sh=280"
                                },
                                {
                                    "marca": "Nestlé",
                                    "descricao": "Nestum Super Pele Saudável",
                                    "preco": "3,39€",
                                    "preco_antigo": null,
                                    "quantidade": "emb. 210 gr",
                                    "precoPorQuantidade": "16,14€/kg",
                                    "link": "https://www.continente.pt/produto/nestum-super-pele-saudavel-nestle-7413148.html?cgid=mercearias-cereais-barras-teens-infantis",
                                    "imagem": "https://www.continente.pt/dw/image/v2/BDVS_PRD/on/demandware.static/-/Sites-col-master-catalog/default/dw3fb94ab2/images/col/741/7413148-hero.jpg?sw=280&sh=280"
                                },
                                {
                                    "marca": "Schär",
                                    "descricao": "Cereais de Cacau Milly Magic sem Glúten",
                                    "preco": "4,45€",
                                    "preco_antigo": null,
                                    "quantidade": "emb. 250 gr",
                                    "precoPorQuantidade": "17,80€/kg",
                                    "link": "https://www.continente.pt/produto/cereais-de-cacau-milly-magic-sem-gluten-schar-4370906.html?cgid=mercearias-cereais-barras-teens-infantis",
                                    "imagem": "https://www.continente.pt/dw/image/v2/BDVS_PRD/on/demandware.static/-/Sites-col-master-catalog/default/dw615376dd/images/col/437/4370906-frente.jpg?sw=280&sh=280"
                                }
                            ]
                        },
                        {
                            "name": "Barras de Cereais",
                            "items": [
                                {
                                    "marca": "Nacional",
                                    "descricao": "Barras de Cereais Chocolate Negro Linha",
                                    "preco": "1,49€",
                                    "preco_antigo": null,
                                    "quantidade": "emb. 6 x 23 gr",
                                    "precoPorQuantidade": "1,49€/un",
                                    "link": "https://www.continente.pt/produto/barras-de-cereais-chocolate-negro-linha-nacional-7224112.html?cgid=mercearias-cereais-barras-barras",
                                    "imagem": "https://www.continente.pt/dw/image/v2/BDVS_PRD/on/demandware.static/-/Sites-col-master-catalog/default/dwb21a5ced/images/col/722/7224112-direito.jpg?sw=280&sh=280"
                                },
                                {
                                    "marca": "Golden Grahams",
                                    "descricao": "Barras de Cereais Golden Grahams",
                                    "preco": "1,94€",
                                    "preco_antigo": null,
                                    "quantidade": "emb. 6 x 25 gr",
                                    "precoPorQuantidade": "1,94€/un",
                                    "link": "https://www.continente.pt/produto/barras-de-cereais-golden-grahams-golden-grahams-7158909.html?cgid=mercearias-cereais-barras-barras",
                                    "imagem": "https://www.continente.pt/dw/image/v2/BDVS_PRD/on/demandware.static/-/Sites-col-master-catalog/default/dwa3f4658a/images/col/715/7158909-hero.jpg?sw=280&sh=280"
                                },
                                {
                                    "marca": "Chocapic",
                                    "descricao": "Barras de Cereais Chocapic",
                                    "preco": "2,14€",
                                    "preco_antigo": null,
                                    "quantidade": "emb. 6 x 25 gr",
                                    "precoPorQuantidade": "2,14€/un",
                                    "link": "https://www.continente.pt/produto/barras-de-cereais-chocapic-chocapic-7158910.html?cgid=mercearias-cereais-barras-barras",
                                    "imagem": "https://www.continente.pt/dw/image/v2/BDVS_PRD/on/demandware.static/-/Sites-col-master-catalog/default/dwb70415ce/images/col/715/7158910-hero.jpg?sw=280&sh=280"
                                },
                                {
                                    "marca": "Fitness",
                                    "descricao": "Barras de Cereais Morango Fitness",
                                    "preco": "2,29€",
                                    "preco_antigo": null,
                                    "quantidade": "emb. 6 x 23,5 gr",
                                    "precoPorQuantidade": "2,29€/un",
                                    "link": "https://www.continente.pt/produto/barras-de-cereais-morango-fitness-fitness-7158905.html?cgid=mercearias-cereais-barras-barras",
                                    "imagem": "https://www.continente.pt/dw/image/v2/BDVS_PRD/on/demandware.static/-/Sites-col-master-catalog/default/dw84a3bdbc/images/col/715/7158905-hero.jpg?sw=280&sh=280"
                                },
                                {
                                    "marca": "Bicentury",
                                    "descricao": "Barras de Cereais Iogurte",
                                    "preco": "2,44€",
                                    "preco_antigo": null,
                                    "quantidade": "emb. 6 x 20 gr",
                                    "precoPorQuantidade": "2,44€/un",
                                    "link": "https://www.continente.pt/produto/barras-de-cereais-iogurte-bicentury-6530687.html?cgid=mercearias-cereais-barras-barras",
                                    "imagem": "https://www.continente.pt/dw/image/v2/BDVS_PRD/on/demandware.static/-/Sites-col-master-catalog/default/dw22b1c76a/images/col/653/6530687-esquerdo.jpg?sw=280&sh=280"
                                },
                                {
                                    "marca": "Rude Health",
                                    "descricao": "Barra Banana Sem Glúten",
                                    "preco": "1,29€",
                                    "preco_antigo": null,
                                    "quantidade": "emb. 35 gr",
                                    "precoPorQuantidade": "3,69€/un",
                                    "link": "https://www.continente.pt/produto/barra-banana-sem-gluten-rude-health-7473442.html?cgid=mercearias-cereais-barras-barras",
                                    "imagem": "https://www.continente.pt/dw/image/v2/BDVS_PRD/on/demandware.static/-/Sites-col-master-catalog/default/dwbe96ae72/images/col/747/7473442-frente.jpg?sw=280&sh=280"
                                },
                                {
                                    "marca": "Bicentury",
                                    "descricao": "Barras de Cereais Chocolate Negro e Laranja",
                                    "preco": "2,44€",
                                    "preco_antigo": null,
                                    "quantidade": "emb. 5 x 90 gr",
                                    "precoPorQuantidade": "5,42€/kg",
                                    "link": "https://www.continente.pt/produto/barras-de-cereais-chocolate-negro-e-laranja-bicentury-7163300.html?cgid=mercearias-cereais-barras-barras",
                                    "imagem": "https://www.continente.pt/dw/image/v2/BDVS_PRD/on/demandware.static/-/Sites-col-master-catalog/default/dw229a18ee/images/col/716/7163300-esquerdo.jpg?sw=280&sh=280"
                                },
                                {
                                    "marca": "Continente",
                                    "descricao": "Barras de Cereais Chocolate de Leite e Banana",
                                    "preco": "1,09€",
                                    "preco_antigo": null,
                                    "quantidade": "emb. 6 x 21gr",
                                    "precoPorQuantidade": "8,72€/kg",
                                    "link": "https://www.continente.pt/produto/barras-de-cereais-chocolate-de-leite-e-banana-continente-4402174.html?cgid=mercearias-cereais-barras-barras",
                                    "imagem": "https://www.continente.pt/dw/image/v2/BDVS_PRD/on/demandware.static/-/Sites-col-master-catalog/default/dwa08d17ab/images/col/440/4402174-direito.jpg?sw=280&sh=280"
                                },
                                {
                                    "marca": "Continente",
                                    "descricao": "Barras de Cereais Morango e Chocolate Branco",
                                    "preco": "1,09€",
                                    "preco_antigo": null,
                                    "quantidade": "emb. 6 x 21 gr",
                                    "precoPorQuantidade": "8,72€/kg",
                                    "link": "https://www.continente.pt/produto/barras-de-cereais-morango-e-chocolate-branco-continente-4402168.html?cgid=mercearias-cereais-barras-barras",
                                    "imagem": "https://www.continente.pt/dw/image/v2/BDVS_PRD/on/demandware.static/-/Sites-col-master-catalog/default/dwdcb4c4c7/images/col/440/4402168-frente.jpg?sw=280&sh=280"
                                },
                                {
                                    "marca": "Continente",
                                    "descricao": "Barras de Cereais Chocolate Negro e Amendoim",
                                    "preco": "1,09€",
                                    "preco_antigo": null,
                                    "quantidade": "emb. 6 x 21gr",
                                    "precoPorQuantidade": "8,72€/kg",
                                    "link": "https://www.continente.pt/produto/barras-de-cereais-chocolate-negro-e-amendoim-continente-4402173.html?cgid=mercearias-cereais-barras-barras",
                                    "imagem": "https://www.continente.pt/dw/image/v2/BDVS_PRD/on/demandware.static/-/Sites-col-master-catalog/default/dwf2cef852/images/col/440/4402173-frente.jpg?sw=280&sh=280"
                                },
                                {
                                    "marca": "Continente",
                                    "descricao": "Barras de Cereais Original Shape & Go",
                                    "preco": "1,16€",
                                    "preco_antigo": "1,29€",
                                    "quantidade": "emb. 6 un",
                                    "precoPorQuantidade": "9,21€/kg",
                                    "link": "https://www.continente.pt/produto/barras-de-cereais-original-shape-go-continente-7190310.html?cgid=mercearias-cereais-barras-barras",
                                    "imagem": "https://www.continente.pt/dw/image/v2/BDVS_PRD/on/demandware.static/-/Sites-col-master-catalog/default/dw6e2d607e/images/col/719/7190310-frente.jpg?sw=280&sh=280"
                                },
                                {
                                    "marca": "Nature Valley",
                                    "descricao": "Barras de Cereais Crunchy Aveia e Chocolate Negro",
                                    "preco": "1,94€",
                                    "preco_antigo": null,
                                    "quantidade": "emb. 5 x 42 gr",
                                    "precoPorQuantidade": "9,24€/kg",
                                    "link": "https://www.continente.pt/produto/barras-de-cereais-crunchy-aveia-e-chocolate-negro-nature-valley-6553174.html?cgid=mercearias-cereais-barras-barras",
                                    "imagem": "https://www.continente.pt/dw/image/v2/BDVS_PRD/on/demandware.static/-/Sites-col-master-catalog/default/dwb6117259/images/col/655/6553174-esquerdo.jpg?sw=280&sh=280"
                                },
                                {
                                    "marca": "Nature Valley",
                                    "descricao": "Barras de Cereais Crunchy Manteiga de Amendoim sem Lactose",
                                    "preco": "1,94€",
                                    "preco_antigo": null,
                                    "quantidade": "emb. 5 x 42 gr",
                                    "precoPorQuantidade": "9,24€/kg",
                                    "link": "https://www.continente.pt/produto/barras-de-cereais-crunchy-manteiga-de-amendoim-sem-lactose-nature-valley-6938751.html?cgid=mercearias-cereais-barras-barras",
                                    "imagem": "https://www.continente.pt/dw/image/v2/BDVS_PRD/on/demandware.static/-/Sites-col-master-catalog/default/dw0c179318/images/col/693/6938751-esquerdo.jpg?sw=280&sh=280"
                                },
                                {
                                    "marca": "Nature Valley",
                                    "descricao": "Barras de Cereais Crunchy Aveia e Mel sem Lactose",
                                    "preco": "1,94€",
                                    "preco_antigo": null,
                                    "quantidade": "emb. 5 x 42 gr",
                                    "precoPorQuantidade": "9,24€/kg",
                                    "link": "https://www.continente.pt/produto/barras-de-cereais-crunchy-aveia-e-mel-sem-lactose-nature-valley-6542725.html?cgid=mercearias-cereais-barras-barras",
                                    "imagem": "https://www.continente.pt/dw/image/v2/BDVS_PRD/on/demandware.static/-/Sites-col-master-catalog/default/dw4b8d27d0/images/col/654/6542725-esquerdo.jpg?sw=280&sh=280"
                                },
                                {
                                    "marca": "Kellogg's",
                                    "descricao": "Barras de Cereais Nature All-Bran",
                                    "preco": "2,24€",
                                    "preco_antigo": null,
                                    "quantidade": "emb. 6 x 40 gr",
                                    "precoPorQuantidade": "9,33€/kg",
                                    "link": "https://www.continente.pt/produto/barras-de-cereais-nature-all-bran-kelloggs-2858871.html?cgid=mercearias-cereais-barras-barras",
                                    "imagem": "https://www.continente.pt/dw/image/v2/BDVS_PRD/on/demandware.static/-/Sites-col-master-catalog/default/dw7689dab7/images/col/285/2858871-frente.jpg?sw=280&sh=280"
                                },
                                {
                                    "marca": "Kellogg's",
                                    "descricao": "Barras de Cereais Chocolate All Bran",
                                    "preco": "2,24€",
                                    "preco_antigo": null,
                                    "quantidade": "emb. 6 x 40 gr",
                                    "precoPorQuantidade": "9,33€/kg",
                                    "link": "https://www.continente.pt/produto/barras-de-cereais-chocolate-all-bran-kelloggs-2982434.html?cgid=mercearias-cereais-barras-barras",
                                    "imagem": "https://www.continente.pt/dw/image/v2/BDVS_PRD/on/demandware.static/-/Sites-col-master-catalog/default/dw39efcdf8/images/col/298/2982434-conj.jpg?sw=280&sh=280"
                                },
                                {
                                    "marca": "Continente",
                                    "descricao": "Barras de Cereais Chocolate Negro Shape & Go",
                                    "preco": "1,34€",
                                    "preco_antigo": "1,49€",
                                    "quantidade": "emb. 6 x 21,5 gr",
                                    "precoPorQuantidade": "10,39€/kg",
                                    "link": "https://www.continente.pt/produto/barras-de-cereais-chocolate-negro-shape-go-continente-6461433.html?cgid=mercearias-cereais-barras-barras",
                                    "imagem": "https://www.continente.pt/dw/image/v2/BDVS_PRD/on/demandware.static/-/Sites-col-master-catalog/default/dw65a1a90c/images/col/646/6461433-frente.jpg?sw=280&sh=280"
                                },
                                {
                                    "marca": "Continente",
                                    "descricao": "Barras de Cereais Frutos Vermelhos e Chocolate Branco Shape & Go",
                                    "preco": "1,34€",
                                    "preco_antigo": "1,49€",
                                    "quantidade": "emb. 6 x 21,5 gr",
                                    "precoPorQuantidade": "10,39€/kg",
                                    "link": "https://www.continente.pt/produto/barras-de-cereais-frutos-vermelhos-e-chocolate-branco-shape-go-continente-6461431.html?cgid=mercearias-cereais-barras-barras",
                                    "imagem": "https://www.continente.pt/dw/image/v2/BDVS_PRD/on/demandware.static/-/Sites-col-master-catalog/default/dwf281b4b8/images/col/646/6461431-frente.jpg?sw=280&sh=280"
                                },
                                {
                                    "marca": "Kellogg's",
                                    "descricao": "Barras de Cereais Frosties com Leite",
                                    "preco": "1,59€",
                                    "preco_antigo": null,
                                    "quantidade": "emb. 6 x 25 gr",
                                    "precoPorQuantidade": "10,60€/kg",
                                    "link": "https://www.continente.pt/produto/barras-de-cereais-frosties-com-leite-kelloggs-2725894.html?cgid=mercearias-cereais-barras-barras",
                                    "imagem": "https://www.continente.pt/dw/image/v2/BDVS_PRD/on/demandware.static/-/Sites-col-master-catalog/default/dw4fc56d66/images/col/272/2725894-hero.jpg?sw=280&sh=280"
                                },
                                {
                                    "marca": "Lion",
                                    "descricao": "Barras de Cereais Lion",
                                    "preco": "1,94€",
                                    "preco_antigo": null,
                                    "quantidade": "emb. 6 x 25 gr",
                                    "precoPorQuantidade": "10,78€/kg",
                                    "link": "https://www.continente.pt/produto/barras-de-cereais-lion-lion-6524785.html?cgid=mercearias-cereais-barras-barras",
                                    "imagem": "https://www.continente.pt/dw/image/v2/BDVS_PRD/on/demandware.static/-/Sites-col-master-catalog/default/dw142de3bc/images/col/652/6524785-hero.jpg?sw=280&sh=280"
                                },
                                {
                                    "marca": "Nacional",
                                    "descricao": "Barra de Cereais Chocolate Negro",
                                    "preco": "1,64€",
                                    "preco_antigo": null,
                                    "quantidade": "emb. 6 x 21 gr",
                                    "precoPorQuantidade": "13,02€/kg",
                                    "link": "https://www.continente.pt/produto/barra-de-cereais-chocolate-negro-nacional-7620809.html?cgid=mercearias-cereais-barras-barras",
                                    "imagem": "https://www.continente.pt/dw/image/v2/BDVS_PRD/on/demandware.static/-/Sites-col-master-catalog/default/dw51fe6290/images/col/762/7620809-direito.jpg?sw=280&sh=280"
                                },
                                {
                                    "marca": "Kellogg's",
                                    "descricao": "Barras de Cereais Chocolate Choco Krispies",
                                    "preco": "1,59€",
                                    "preco_antigo": null,
                                    "quantidade": "emb. 6 x 20 gr",
                                    "precoPorQuantidade": "13,25€/kg",
                                    "link": "https://www.continente.pt/produto/barras-de-cereais-chocolate-choco-krispies-kelloggs-2725895.html?cgid=mercearias-cereais-barras-barras",
                                    "imagem": "https://www.continente.pt/dw/image/v2/BDVS_PRD/on/demandware.static/-/Sites-col-master-catalog/default/dwb623357f/images/col/272/2725895-hero.jpg?sw=280&sh=280"
                                },
                                {
                                    "marca": "Cem Porcento",
                                    "descricao": "Barras de Sésamo e Mel sem Glúten",
                                    "preco": "1,99€",
                                    "preco_antigo": null,
                                    "quantidade": "emb. 6 x 25 gr",
                                    "precoPorQuantidade": "13,27€/kg",
                                    "link": "https://www.continente.pt/produto/barras-de-sesamo-e-mel-sem-gluten-cem-porcento-4878654.html?cgid=mercearias-cereais-barras-barras",
                                    "imagem": "https://www.continente.pt/dw/image/v2/BDVS_PRD/on/demandware.static/-/Sites-col-master-catalog/default/dw802c65e8/images/col/487/4878654-direito.jpg?sw=280&sh=280"
                                },
                                {
                                    "marca": "Nesquik",
                                    "descricao": "Barras de Cereais Nesquik",
                                    "preco": "2,14€",
                                    "preco_antigo": null,
                                    "quantidade": "emb. 6 x 25 gr",
                                    "precoPorQuantidade": "14,27€/kg",
                                    "link": "https://www.continente.pt/produto/barras-de-cereais-nesquik-nesquik-2572393.html?cgid=mercearias-cereais-barras-barras",
                                    "imagem": "https://www.continente.pt/dw/image/v2/BDVS_PRD/on/demandware.static/-/Sites-col-master-catalog/default/dwe711beb4/images/col/257/2572393-hero.jpg?sw=280&sh=280"
                                },
                                {
                                    "marca": "Nestlé",
                                    "descricao": "Barras de Cereais Go Free Corn Flakes sem Glúten",
                                    "preco": "1,29€",
                                    "preco_antigo": null,
                                    "quantidade": "emb. 4 un",
                                    "precoPorQuantidade": "14,66€/kg",
                                    "link": "https://www.continente.pt/produto/barras-de-cereais-go-free-corn-flakes-sem-gluten-nestle-7393891.html?cgid=mercearias-cereais-barras-barras",
                                    "imagem": "https://www.continente.pt/dw/image/v2/BDVS_PRD/on/demandware.static/-/Sites-col-master-catalog/default/dwf93c0f3d/images/col/739/7393891-hero.jpg?sw=280&sh=280"
                                },
                                {
                                    "marca": "Corny",
                                    "descricao": "Barras de Cereais Avelã Muesly",
                                    "preco": "2,24€",
                                    "preco_antigo": null,
                                    "quantidade": "emb. 6 x 25 gr",
                                    "precoPorQuantidade": "14,93€/kg",
                                    "link": "https://www.continente.pt/produto/barras-de-cereais-avela-muesly-corny-2404476.html?cgid=mercearias-cereais-barras-barras",
                                    "imagem": "https://www.continente.pt/dw/image/v2/BDVS_PRD/on/demandware.static/-/Sites-col-master-catalog/default/dwdba21b1c/images/col/240/2404476-frente.jpg?sw=280&sh=280"
                                },
                                {
                                    "marca": "Corny",
                                    "descricao": "Barras de Cereais Chocolate de Leite Muesly",
                                    "preco": "2,24€",
                                    "preco_antigo": null,
                                    "quantidade": "emb. 6 x 25 gr",
                                    "precoPorQuantidade": "14,93€/kg",
                                    "link": "https://www.continente.pt/produto/barras-de-cereais-chocolate-de-leite-muesly-corny-2404173.html?cgid=mercearias-cereais-barras-barras",
                                    "imagem": "https://www.continente.pt/dw/image/v2/BDVS_PRD/on/demandware.static/-/Sites-col-master-catalog/default/dwf894749c/images/col/240/2404173-frente.jpg?sw=280&sh=280"
                                },
                                {
                                    "marca": "Corny",
                                    "descricao": "Barras de Cereais Coco com Chocolate Muesly",
                                    "preco": "2,24€",
                                    "preco_antigo": null,
                                    "quantidade": "emb. 6 x 25 gr",
                                    "precoPorQuantidade": "14,93€ /kg",
                                    "link": "https://www.continente.pt/produto/barras-de-cereais-coco-com-chocolate-muesly-corny-2404174.html?cgid=mercearias-cereais-barras-barras",
                                    "imagem": "https://www.continente.pt/dw/image/v2/BDVS_PRD/on/demandware.static/-/Sites-col-master-catalog/default/dwa4c65552/images/col/240/2404174-frente.jpg?sw=280&sh=280"
                                },
                                {
                                    "marca": "Nature Valley",
                                    "descricao": "Barras de Cereais Proteína Amendoim e Chocolate sem Glúten",
                                    "preco": "2,44€",
                                    "preco_antigo": null,
                                    "quantidade": "emb. 4 x 40 gr",
                                    "precoPorQuantidade": "15,25€/kg",
                                    "link": "https://www.continente.pt/produto/barras-de-cereais-proteina-amendoim-e-chocolate-sem-gluten-nature-valley-6553175.html?cgid=mercearias-cereais-barras-barras",
                                    "imagem": "https://www.continente.pt/dw/image/v2/BDVS_PRD/on/demandware.static/-/Sites-col-master-catalog/default/dwc1f94e7f/images/col/655/6553175-cima.jpg?sw=280&sh=280"
                                },
                                {
                                    "marca": "Nature Valley",
                                    "descricao": "Barras de Cereais Aveia e Mel",
                                    "preco": "2,44€",
                                    "preco_antigo": null,
                                    "quantidade": "emb. 4 x 40 gr",
                                    "precoPorQuantidade": "15,25€/kg",
                                    "link": "https://www.continente.pt/produto/barras-de-cereais-aveia-e-mel-nature-valley-6553176.html?cgid=mercearias-cereais-barras-barras",
                                    "imagem": "https://www.continente.pt/dw/image/v2/BDVS_PRD/on/demandware.static/-/Sites-col-master-catalog/default/dw2b382757/images/col/655/6553176-frente.jpg?sw=280&sh=280"
                                },
                                {
                                    "marca": "Estrelitas",
                                    "descricao": "Barras de Cereais Estrelitas",
                                    "preco": "2,14€",
                                    "preco_antigo": null,
                                    "quantidade": "emb. 6 x 22 gr",
                                    "precoPorQuantidade": "16,21€/kg",
                                    "link": "https://www.continente.pt/produto/barras-de-cereais-estrelitas-estrelitas-7629682.html?cgid=mercearias-cereais-barras-barras",
                                    "imagem": "https://www.continente.pt/dw/image/v2/BDVS_PRD/on/demandware.static/-/Sites-col-master-catalog/default/dwe962e0fb/images/col/762/7629682-hero.jpg?sw=280&sh=280"
                                },
                                {
                                    "marca": "Corny",
                                    "descricao": "Barras de Cereais Chocolate Negro Muesly",
                                    "preco": "2,24€",
                                    "preco_antigo": null,
                                    "quantidade": "emb. 6 x 15,5 gr",
                                    "precoPorQuantidade": "16,23€/kg",
                                    "link": "https://www.continente.pt/produto/barras-de-cereais-chocolate-negro-muesly-corny-4304364.html?cgid=mercearias-cereais-barras-barras",
                                    "imagem": "https://www.continente.pt/dw/image/v2/BDVS_PRD/on/demandware.static/-/Sites-col-master-catalog/default/dwf8943128/images/col/430/4304364-frente.jpg?sw=280&sh=280"
                                },
                                {
                                    "marca": "Fitness",
                                    "descricao": "Barras de Cereais Chocolate e Banana Fitness",
                                    "preco": "2,29€",
                                    "preco_antigo": null,
                                    "quantidade": "emb. 6 x 23,5 gr",
                                    "precoPorQuantidade": "16,24€/kg",
                                    "link": "https://www.continente.pt/produto/barras-de-cereais-chocolate-e-banana-fitness-fitness-6880642.html?cgid=mercearias-cereais-barras-barras",
                                    "imagem": "https://www.continente.pt/dw/image/v2/BDVS_PRD/on/demandware.static/-/Sites-col-master-catalog/default/dwa95cd915/images/col/688/6880642-hero.jpg?sw=280&sh=280"
                                },
                                {
                                    "marca": "Fitness",
                                    "descricao": "Barras de Cereais Fitness",
                                    "preco": "2,29€",
                                    "preco_antigo": null,
                                    "quantidade": "emb. 6 x 23,5 gr",
                                    "precoPorQuantidade": "16,24€/kg",
                                    "link": "https://www.continente.pt/produto/barras-de-cereais-fitness-fitness-2703789.html?cgid=mercearias-cereais-barras-barras",
                                    "imagem": "https://www.continente.pt/dw/image/v2/BDVS_PRD/on/demandware.static/-/Sites-col-master-catalog/default/dwfcfd6994/images/col/270/2703789-hero.jpg?sw=280&sh=280"
                                },
                                {
                                    "marca": "Fitness",
                                    "descricao": "Barras de Cereais Crunchy Caramel Fitness",
                                    "preco": "2,29€",
                                    "preco_antigo": null,
                                    "quantidade": "emb. 6 x 23,5 gr",
                                    "precoPorQuantidade": "16,24€/kg",
                                    "link": "https://www.continente.pt/produto/barras-de-cereais-crunchy-caramel-fitness-fitness-5358240.html?cgid=mercearias-cereais-barras-barras",
                                    "imagem": "https://www.continente.pt/dw/image/v2/BDVS_PRD/on/demandware.static/-/Sites-col-master-catalog/default/dw8d214624/images/col/535/5358240-hero.jpg?sw=280&sh=280"
                                },
                                {
                                    "marca": "Fitness",
                                    "descricao": "Barras de Cereais Mel e Amêndoa Fitness",
                                    "preco": "2,29€",
                                    "preco_antigo": null,
                                    "quantidade": "emb. 6 x 23,5 gr",
                                    "precoPorQuantidade": "16,24€/kg",
                                    "link": "https://www.continente.pt/produto/barras-de-cereais-mel-e-amendoa-fitness-fitness-7177603.html?cgid=mercearias-cereais-barras-barras",
                                    "imagem": "https://www.continente.pt/dw/image/v2/BDVS_PRD/on/demandware.static/-/Sites-col-master-catalog/default/dw4ecf4051/images/col/717/7177603-hero.jpg?sw=280&sh=280"
                                },
                                {
                                    "marca": "Fitness",
                                    "descricao": "Barras de Cereais Chocolate e Amêndoa Fitness",
                                    "preco": "2,29€",
                                    "preco_antigo": null,
                                    "quantidade": "emb. 6 x 23,5 gr",
                                    "precoPorQuantidade": "16,24€/kg",
                                    "link": "https://www.continente.pt/produto/barras-de-cereais-chocolate-e-amendoa-fitness-fitness-7625780.html?cgid=mercearias-cereais-barras-barras",
                                    "imagem": "https://www.continente.pt/dw/image/v2/BDVS_PRD/on/demandware.static/-/Sites-col-master-catalog/default/dw0ab2bc91/images/col/762/7625780-frente.jpg?sw=280&sh=280"
                                },
                                {
                                    "marca": "Fitness",
                                    "descricao": "Barras de Cereais Chocolate Fitness",
                                    "preco": "2,29€",
                                    "preco_antigo": null,
                                    "quantidade": "emb. 6 x 23,5 gr",
                                    "precoPorQuantidade": "16,24€/kg",
                                    "link": "https://www.continente.pt/produto/barras-de-cereais-chocolate-fitness-fitness-2894904.html?cgid=mercearias-cereais-barras-barras",
                                    "imagem": "https://www.continente.pt/dw/image/v2/BDVS_PRD/on/demandware.static/-/Sites-col-master-catalog/default/dw4f07e1c2/images/col/289/2894904-hero.jpg?sw=280&sh=280"
                                },
                                {
                                    "marca": "Continente Equilíbrio",
                                    "descricao": "Barras de Amendoinm, Amêndoa e Arando",
                                    "preco": "1,69€",
                                    "preco_antigo": null,
                                    "quantidade": "emb. 4 x 25 gr",
                                    "precoPorQuantidade": "16,90€/kg",
                                    "link": "https://www.continente.pt/produto/barras-de-amendoinm-amendoa-e-arando-continente-equilibrio-7136923.html?cgid=mercearias-cereais-barras-barras",
                                    "imagem": "https://www.continente.pt/dw/image/v2/BDVS_PRD/on/demandware.static/-/Sites-col-master-catalog/default/dwe04b1e3b/images/col/713/7136923-frente.jpg?sw=280&sh=280"
                                },
                                {
                                    "marca": "Continente Equilíbrio",
                                    "descricao": "Barras de Amendoim, Avelã, Caju e Arando",
                                    "preco": "1,69€",
                                    "preco_antigo": null,
                                    "quantidade": "emb. 4 x 25 gr",
                                    "precoPorQuantidade": "16,90€/kg",
                                    "link": "https://www.continente.pt/produto/barras-de-amendoim-avela-caju-e-arando-continente-equilibrio-7136922.html?cgid=mercearias-cereais-barras-barras",
                                    "imagem": "https://www.continente.pt/dw/image/v2/BDVS_PRD/on/demandware.static/-/Sites-col-master-catalog/default/dwa1d2d66a/images/col/713/7136922-frente.jpg?sw=280&sh=280"
                                },
                                {
                                    "marca": "Fitness",
                                    "descricao": "Barras de Cereais Delice Chocolate e Avelã Fitness",
                                    "preco": "2,29€",
                                    "preco_antigo": null,
                                    "quantidade": "emb. 6 x 22,5 gr",
                                    "precoPorQuantidade": "16,96€/kg",
                                    "link": "https://www.continente.pt/produto/barras-de-cereais-delice-chocolate-e-avela-fitness-fitness-5592995.html?cgid=mercearias-cereais-barras-barras",
                                    "imagem": "https://www.continente.pt/dw/image/v2/BDVS_PRD/on/demandware.static/-/Sites-col-master-catalog/default/dw3908d37b/images/col/559/5592995-hero.jpg?sw=280&sh=280"
                                },
                                {
                                    "marca": "Fitness",
                                    "descricao": "Barras de Cereais Delice Chocolate de Leite Fitness",
                                    "preco": "2,29€",
                                    "preco_antigo": null,
                                    "quantidade": "emb. 6 x 22,5 gr",
                                    "precoPorQuantidade": "16,96€/kg",
                                    "link": "https://www.continente.pt/produto/barras-de-cereais-delice-chocolate-de-leite-fitness-fitness-5592978.html?cgid=mercearias-cereais-barras-barras",
                                    "imagem": "https://www.continente.pt/dw/image/v2/BDVS_PRD/on/demandware.static/-/Sites-col-master-catalog/default/dw9d167b40/images/col/559/5592978-hero.jpg?sw=280&sh=280"
                                },
                                {
                                    "marca": "Continente Equilíbrio",
                                    "descricao": "Barras Cruas de Coco e Amêndoa sem Glúten",
                                    "preco": "1,79€",
                                    "preco_antigo": "1,99€",
                                    "quantidade": "emb. 3 x 35 gr",
                                    "precoPorQuantidade": "17,05€/kg",
                                    "link": "https://www.continente.pt/produto/barras-cruas-de-coco-e-amendoa-sem-gluten-continente-equilibrio-7178384.html?cgid=mercearias-cereais-barras-barras",
                                    "imagem": "https://www.continente.pt/dw/image/v2/BDVS_PRD/on/demandware.static/-/Sites-col-master-catalog/default/dw38ad9766/images/col/717/7178384-frente.jpg?sw=280&sh=280"
                                },
                                {
                                    "marca": "Continente Equilíbrio",
                                    "descricao": "Barras Cruas de Cacau e Avelã sem Glúten",
                                    "preco": "1,79€",
                                    "preco_antigo": "1,99€",
                                    "quantidade": "emb. 3 x 35 gr",
                                    "precoPorQuantidade": "17,05€/kg",
                                    "link": "https://www.continente.pt/produto/barras-cruas-de-cacau-e-avela-sem-gluten-continente-equilibrio-7178386.html?cgid=mercearias-cereais-barras-barras",
                                    "imagem": "https://www.continente.pt/dw/image/v2/BDVS_PRD/on/demandware.static/-/Sites-col-master-catalog/default/dw18de023b/images/col/717/7178386-frente.jpg?sw=280&sh=280"
                                },
                                {
                                    "marca": "Continente Equilíbrio",
                                    "descricao": "Barras Cruas de Maçã e Canela sem Glúten",
                                    "preco": "1,79€",
                                    "preco_antigo": "1,99€",
                                    "quantidade": "emb. 3 x 35 gr",
                                    "precoPorQuantidade": "17,05€/kg",
                                    "link": "https://www.continente.pt/produto/barras-cruas-de-maca-e-canela-sem-gluten-continente-equilibrio-7178385.html?cgid=mercearias-cereais-barras-barras",
                                    "imagem": "https://www.continente.pt/dw/image/v2/BDVS_PRD/on/demandware.static/-/Sites-col-master-catalog/default/dw40b07599/images/col/717/7178385-frente.jpg?sw=280&sh=280"
                                },
                                {
                                    "marca": "Salutem",
                                    "descricao": "Barra de Sésamo e Mel sem Glúten",
                                    "preco": "0,69€",
                                    "preco_antigo": null,
                                    "quantidade": "emb. 40 gr",
                                    "precoPorQuantidade": "17,25€/kg",
                                    "link": "https://www.continente.pt/produto/barra-de-sesamo-e-mel-sem-gluten-salutem-5380041.html?cgid=mercearias-cereais-barras-barras",
                                    "imagem": "https://www.continente.pt/dw/image/v2/BDVS_PRD/on/demandware.static/-/Sites-col-master-catalog/default/dw70cfb1d2/images/col/538/5380041-frente.jpg?sw=280&sh=280"
                                },
                                {
                                    "marca": "Kellogg's",
                                    "descricao": "Barras de Cereais Chocolate Negro Special K",
                                    "preco": "2,24€",
                                    "preco_antigo": null,
                                    "quantidade": "emb. 129 gr",
                                    "precoPorQuantidade": "17,36€/kg",
                                    "link": "https://www.continente.pt/produto/barras-de-cereais-chocolate-negro-special-k-kelloggs-2692789.html?cgid=mercearias-cereais-barras-barras",
                                    "imagem": "https://www.continente.pt/dw/image/v2/BDVS_PRD/on/demandware.static/-/Sites-col-master-catalog/default/dwabbba7c2/images/col/269/2692789-direito.jpg?sw=280&sh=280"
                                },
                                {
                                    "marca": "Kellogg's",
                                    "descricao": "Barras de Cereais Chocolate de Leite Belga Special K",
                                    "preco": "2,24€",
                                    "preco_antigo": null,
                                    "quantidade": "emb. 6 x 20 gr",
                                    "precoPorQuantidade": "17,36€/kg",
                                    "link": "https://www.continente.pt/produto/barras-de-cereais-chocolate-de-leite-belga-special-k-kelloggs-4271779.html?cgid=mercearias-cereais-barras-barras",
                                    "imagem": "https://www.continente.pt/dw/image/v2/BDVS_PRD/on/demandware.static/-/Sites-col-master-catalog/default/dw9d917ee1/images/col/427/4271779-direito.jpg?sw=280&sh=280"
                                },
                                {
                                    "marca": "Kellogg's",
                                    "descricao": "Barras de Cereais Frutos Vermelhos Special K",
                                    "preco": "2,24€",
                                    "preco_antigo": null,
                                    "quantidade": "emb. 6 x 21,5 gr",
                                    "precoPorQuantidade": "17,36€/kg",
                                    "link": "https://www.continente.pt/produto/barras-de-cereais-frutos-vermelhos-special-k-kelloggs-2692749.html?cgid=mercearias-cereais-barras-barras",
                                    "imagem": "https://www.continente.pt/dw/image/v2/BDVS_PRD/on/demandware.static/-/Sites-col-master-catalog/default/dw50798d52/images/col/269/2692749-direito.jpg?sw=280&sh=280"
                                },
                                {
                                    "marca": "Corny",
                                    "descricao": "Barras de Cereais Chocolate de Leite Línea",
                                    "preco": "2,24€",
                                    "preco_antigo": null,
                                    "quantidade": "emb. 6 x 20 gr",
                                    "precoPorQuantidade": "18,67€/kg",
                                    "link": "https://www.continente.pt/produto/barras-de-cereais-chocolate-de-leite-linea-corny-2915740.html?cgid=mercearias-cereais-barras-barras",
                                    "imagem": "https://www.continente.pt/dw/image/v2/BDVS_PRD/on/demandware.static/-/Sites-col-master-catalog/default/dw33bdbcbf/images/col/291/2915740-frente.jpg?sw=280&sh=280"
                                },
                                {
                                    "marca": "Corny",
                                    "descricao": "Barra de Cereais Chocolate Branco Línea",
                                    "preco": "2,24€",
                                    "preco_antigo": null,
                                    "quantidade": "emb. 6 x 20 gr",
                                    "precoPorQuantidade": "18,67€/kg",
                                    "link": "https://www.continente.pt/produto/barra-de-cereais-chocolate-branco-linea-corny-6085261.html?cgid=mercearias-cereais-barras-barras",
                                    "imagem": "https://www.continente.pt/dw/image/v2/BDVS_PRD/on/demandware.static/-/Sites-col-master-catalog/default/dwcab2c246/images/col/608/6085261-frente.jpg?sw=280&sh=280"
                                },
                                {
                                    "marca": "Corny",
                                    "descricao": "Barra de Cereais Avelã 0%",
                                    "preco": "2,24€",
                                    "preco_antigo": null,
                                    "quantidade": "emb. 6 x 20 gr",
                                    "precoPorQuantidade": "18,67€/kg",
                                    "link": "https://www.continente.pt/produto/barra-de-cereais-avela-0--corny-7622159.html?cgid=mercearias-cereais-barras-barras",
                                    "imagem": "https://www.continente.pt/dw/image/v2/BDVS_PRD/on/demandware.static/-/Sites-col-master-catalog/default/dwccc0f499/images/col/762/7622159-esquerdo.jpg?sw=280&sh=280"
                                },
                                {
                                    "marca": "Kellogg's",
                                    "descricao": "Barras de Cereais Extra Amêndoa e Chocolate",
                                    "preco": "2,44€",
                                    "preco_antigo": null,
                                    "quantidade": "emb. 4 x 32 gr",
                                    "precoPorQuantidade": "19,06€/kg",
                                    "link": "https://www.continente.pt/produto/barras-de-cereais-extra-amendoa-e-chocolate-kelloggs-7158959.html?cgid=mercearias-cereais-barras-barras",
                                    "imagem": "https://www.continente.pt/dw/image/v2/BDVS_PRD/on/demandware.static/-/Sites-col-master-catalog/default/dwe69ef4fb/images/col/715/7158959-hero.jpg?sw=280&sh=280"
                                },
                                {
                                    "marca": "Kellogg's",
                                    "descricao": "Barras de Cereais Mel Extra",
                                    "preco": "2,44€",
                                    "preco_antigo": null,
                                    "quantidade": "emb. 4 x 32 gr",
                                    "precoPorQuantidade": "19,06€/kg",
                                    "link": "https://www.continente.pt/produto/barras-de-cereais-mel-extra-kelloggs-7158960.html?cgid=mercearias-cereais-barras-barras",
                                    "imagem": "https://www.continente.pt/dw/image/v2/BDVS_PRD/on/demandware.static/-/Sites-col-master-catalog/default/dw59a3b502/images/col/715/7158960-frente.jpg?sw=280&sh=280"
                                },
                                {
                                    "marca": "Kellogg's",
                                    "descricao": "Barras de Cereais Proteína Coco, Cacau e Caju Special K",
                                    "preco": "2,24€",
                                    "preco_antigo": null,
                                    "quantidade": "emb. 4 x 28 gr",
                                    "precoPorQuantidade": "20,00€/kg",
                                    "link": "https://www.continente.pt/produto/barras-de-cereais-proteina-coco-cacau-e-caju-special-k-kelloggs-6493706.html?cgid=mercearias-cereais-barras-barras",
                                    "imagem": "https://www.continente.pt/dw/image/v2/BDVS_PRD/on/demandware.static/-/Sites-col-master-catalog/default/dw75290592/images/col/649/6493706-hero.jpg?sw=280&sh=280"
                                },
                                {
                                    "marca": "Belvita",
                                    "descricao": "Barras de Cereais de Arandos e Avelãs",
                                    "preco": "3,29€",
                                    "preco_antigo": null,
                                    "quantidade": "emb. 160 gr",
                                    "precoPorQuantidade": "20,56€/kg",
                                    "link": "https://www.continente.pt/produto/barras-de-cereais-de-arandos-e-avelas-belvita-7360247.html?cgid=mercearias-cereais-barras-barras",
                                    "imagem": "https://www.continente.pt/dw/image/v2/BDVS_PRD/on/demandware.static/-/Sites-col-master-catalog/default/dwc4e036fb/images/col/736/7360247-direito.jpg?sw=280&sh=280"
                                },
                                {
                                    "marca": "Belvita",
                                    "descricao": "Barras de Cereais de Chocolate e Avelãs",
                                    "preco": "3,29€",
                                    "preco_antigo": null,
                                    "quantidade": "emb. 160 gr",
                                    "precoPorQuantidade": "20,56€/kg",
                                    "link": "https://www.continente.pt/produto/barras-de-cereais-de-chocolate-e-avelas-belvita-7355128.html?cgid=mercearias-cereais-barras-barras",
                                    "imagem": "https://www.continente.pt/dw/image/v2/BDVS_PRD/on/demandware.static/-/Sites-col-master-catalog/default/dw464947aa/images/col/735/7355128-direito.jpg?sw=280&sh=280"
                                },
                                {
                                    "marca": "Continente Bio",
                                    "descricao": "Barra Sementes de Sésamo",
                                    "preco": "1,59€",
                                    "preco_antigo": null,
                                    "quantidade": "emb. 3 x 25 gr",
                                    "precoPorQuantidade": "21,20€/kg",
                                    "link": "https://www.continente.pt/produto/barra-sementes-de-sesamo-continente-bio-6753397.html?cgid=mercearias-cereais-barras-barras",
                                    "imagem": "https://www.continente.pt/dw/image/v2/BDVS_PRD/on/demandware.static/-/Sites-col-master-catalog/default/dwdfc93cb2/images/col/675/6753397-frente.jpg?sw=280&sh=280"
                                },
                                {
                                    "marca": "Continente Bio",
                                    "descricao": "Barra Amendoim Biológica",
                                    "preco": "1,59€",
                                    "preco_antigo": null,
                                    "quantidade": "emb. 3 x 25 gr",
                                    "precoPorQuantidade": "21,20€/kg",
                                    "link": "https://www.continente.pt/produto/barra-amendoim-biologica-continente-bio-6753429.html?cgid=mercearias-cereais-barras-barras",
                                    "imagem": "https://www.continente.pt/dw/image/v2/BDVS_PRD/on/demandware.static/-/Sites-col-master-catalog/default/dw0f3eadf6/images/col/675/6753429-direito.jpg?sw=280&sh=280"
                                },
                                {
                                    "marca": "Continente Bio",
                                    "descricao": "Barra Amêndoa, Cacau e Frutas Biológico",
                                    "preco": "1,59€",
                                    "preco_antigo": null,
                                    "quantidade": "emb. 3 x 25 gr",
                                    "precoPorQuantidade": "21,20€/kg",
                                    "link": "https://www.continente.pt/produto/barra-amendoa-cacau-e-frutas-biologico-continente-bio-6753258.html?cgid=mercearias-cereais-barras-barras",
                                    "imagem": "https://www.continente.pt/dw/image/v2/BDVS_PRD/on/demandware.static/-/Sites-col-master-catalog/default/dw213452b8/images/col/675/6753258-esquerdo.jpg?sw=280&sh=280"
                                },
                                {
                                    "marca": "Continente Bio",
                                    "descricao": "Barra Amêndoa e Frutas Biológicas",
                                    "preco": "1,59€",
                                    "preco_antigo": null,
                                    "quantidade": "emb. 3 x 25 gr",
                                    "precoPorQuantidade": "21,20€/kg",
                                    "link": "https://www.continente.pt/produto/barra-amendoa-e-frutas-biologicas-continente-bio-6753237.html?cgid=mercearias-cereais-barras-barras",
                                    "imagem": "https://www.continente.pt/dw/image/v2/BDVS_PRD/on/demandware.static/-/Sites-col-master-catalog/default/dw89914c05/images/col/675/6753237-esquerdo.jpg?sw=280&sh=280"
                                },
                                {
                                    "marca": "Nesquik",
                                    "descricao": "Barras de Cereais Nesquik",
                                    "preco": "4,39€",
                                    "preco_antigo": null,
                                    "quantidade": "emb. 12 x 25g",
                                    "precoPorQuantidade": "21,95€/kg",
                                    "link": "https://www.continente.pt/produto/barras-de-cereais-nesquik-nesquik-4941046.html?cgid=mercearias-cereais-barras-barras",
                                    "imagem": "https://www.continente.pt/dw/image/v2/BDVS_PRD/on/demandware.static/-/Sites-col-master-catalog/default/dw90490b8e/images/col/494/4941046-hero.jpg?sw=280&sh=280"
                                },
                                {
                                    "marca": "Golden Grahams",
                                    "descricao": "Barras de Cereais Golden Grahams",
                                    "preco": "4,39€",
                                    "preco_antigo": null,
                                    "quantidade": "emb. 12 x 25g",
                                    "precoPorQuantidade": "21,95€/kg",
                                    "link": "https://www.continente.pt/produto/barras-de-cereais-golden-grahams-golden-grahams-4995869.html?cgid=mercearias-cereais-barras-barras",
                                    "imagem": "https://www.continente.pt/dw/image/v2/BDVS_PRD/on/demandware.static/-/Sites-col-master-catalog/default/dw2bd15989/images/col/499/4995869-hero.jpg?sw=280&sh=280"
                                },
                                {
                                    "marca": "Chocapic",
                                    "descricao": "Barras de Cereais Chocapic",
                                    "preco": "4,39€",
                                    "preco_antigo": null,
                                    "quantidade": "emb. 12 x 25 gr",
                                    "precoPorQuantidade": "21,95€/kg",
                                    "link": "https://www.continente.pt/produto/barras-de-cereais-chocapic-chocapic-4941044.html?cgid=mercearias-cereais-barras-barras",
                                    "imagem": "https://www.continente.pt/dw/image/v2/BDVS_PRD/on/demandware.static/-/Sites-col-master-catalog/default/dw51ae6e54/images/col/494/4941044-hero.jpg?sw=280&sh=280"
                                },
                                {
                                    "marca": "Centazzi / Salutem",
                                    "descricao": "Barra de Cereais de Sésamo e Quinoa sem Glúten",
                                    "preco": "0,89€",
                                    "preco_antigo": null,
                                    "quantidade": "emb. 40 gr",
                                    "precoPorQuantidade": "22,25€/kg",
                                    "link": "https://www.continente.pt/produto/barra-de-cereais-de-sesamo-e-quinoa-sem-gluten-centazzi-salutem-7169539.html?cgid=mercearias-cereais-barras-barras",
                                    "imagem": "https://www.continente.pt/dw/image/v2/BDVS_PRD/on/demandware.static/-/Sites-col-master-catalog/default/dw30bc29ea/images/col/716/7169539-frente.jpg?sw=280&sh=280"
                                },
                                {
                                    "marca": "Prince",
                                    "descricao": "Barras de Cereais com Chocolate",
                                    "preco": "2,79€",
                                    "preco_antigo": null,
                                    "quantidade": "emb. 125 gr",
                                    "precoPorQuantidade": "22,32€/kg",
                                    "link": "https://www.continente.pt/produto/barras-de-cereais-com-chocolate-prince-7434727.html?cgid=mercearias-cereais-barras-barras",
                                    "imagem": "https://www.continente.pt/dw/image/v2/BDVS_PRD/on/demandware.static/-/Sites-col-master-catalog/default/dwaa2243ab/images/col/743/7434727-frente.jpg?sw=280&sh=280"
                                },
                                {
                                    "marca": "Cem Porcento",
                                    "descricao": "Barras de Cereais de Frutos Secos e Sementes",
                                    "preco": "1,64€",
                                    "preco_antigo": null,
                                    "quantidade": "emb. 3 x 24 gr",
                                    "precoPorQuantidade": "22,78€/kg",
                                    "link": "https://www.continente.pt/produto/barras-de-cereais-de-frutos-secos-e-sementes-cem-porcento-5367322.html?cgid=mercearias-cereais-barras-barras",
                                    "imagem": "https://www.continente.pt/dw/image/v2/BDVS_PRD/on/demandware.static/-/Sites-col-master-catalog/default/dw923c3284/images/col/536/5367322-direito.jpg?sw=280&sh=280"
                                },
                                {
                                    "marca": "Continente Equilíbrio",
                                    "descricao": "Bolas Energéticas de Coco e Amêndoa sem Glúten",
                                    "preco": "0,89€",
                                    "preco_antigo": "0,99€",
                                    "quantidade": "emb. 2 x 17 gr",
                                    "precoPorQuantidade": "26,18€/kg",
                                    "link": "https://www.continente.pt/produto/bolas-energeticas-de-coco-e-amendoa-sem-gluten-continente-equilibrio-7330841.html?cgid=mercearias-cereais-barras-barras",
                                    "imagem": "https://www.continente.pt/dw/image/v2/BDVS_PRD/on/demandware.static/-/Sites-col-master-catalog/default/dwad4c2d38/images/col/733/7330841-frente.jpg?sw=280&sh=280"
                                },
                                {
                                    "marca": "Continente Equilíbrio",
                                    "descricao": "Bolas Energéticas de Limão e Chia sem Glúten",
                                    "preco": "0,89€",
                                    "preco_antigo": "0,99€",
                                    "quantidade": "emb. 2 x 17 gr",
                                    "precoPorQuantidade": "26,18€/kg",
                                    "link": "https://www.continente.pt/produto/bolas-energeticas-de-limao-e-chia-sem-gluten-continente-equilibrio-7330838.html?cgid=mercearias-cereais-barras-barras",
                                    "imagem": "https://www.continente.pt/dw/image/v2/BDVS_PRD/on/demandware.static/-/Sites-col-master-catalog/default/dw9ef5d35d/images/col/733/7330838-frente.jpg?sw=280&sh=280"
                                },
                                {
                                    "marca": "Continente Equilíbrio",
                                    "descricao": "Bolas Energéticas de Amendoim e Coco sem Glúten",
                                    "preco": "0,89€",
                                    "preco_antigo": "0,99€",
                                    "quantidade": "emb. 2 x 17 gr",
                                    "precoPorQuantidade": "26,18€/kg",
                                    "link": "https://www.continente.pt/produto/bolas-energeticas-de-amendoim-e-coco-sem-gluten-continente-equilibrio-7330837.html?cgid=mercearias-cereais-barras-barras",
                                    "imagem": "https://www.continente.pt/dw/image/v2/BDVS_PRD/on/demandware.static/-/Sites-col-master-catalog/default/dw048a332d/images/col/733/7330837-hero.jpg?sw=280&sh=280"
                                },
                                {
                                    "marca": "Continente Equilíbrio",
                                    "descricao": "Bolas Energéticas de Avelã e Cacau sem Glúten",
                                    "preco": "0,89€",
                                    "preco_antigo": "0,99€",
                                    "quantidade": "emb. 2 x 17 gr",
                                    "precoPorQuantidade": "26,18€/kg",
                                    "link": "https://www.continente.pt/produto/bolas-energeticas-de-avela-e-cacau-sem-gluten-continente-equilibrio-7330840.html?cgid=mercearias-cereais-barras-barras",
                                    "imagem": "https://www.continente.pt/dw/image/v2/BDVS_PRD/on/demandware.static/-/Sites-col-master-catalog/default/dw33b1a93b/images/col/733/7330840-frente.jpg?sw=280&sh=280"
                                },
                                {
                                    "marca": "Continente Equilíbrio",
                                    "descricao": "Bolas Energéticas de Amendoim e Banana sem Glúten",
                                    "preco": "0,89€",
                                    "preco_antigo": "0,99€",
                                    "quantidade": "emb. 2 x 17 gr",
                                    "precoPorQuantidade": "26,18€/kg",
                                    "link": "https://www.continente.pt/produto/bolas-energeticas-de-amendoim-e-banana-sem-gluten-continente-equilibrio-7330836.html?cgid=mercearias-cereais-barras-barras",
                                    "imagem": "https://www.continente.pt/dw/image/v2/BDVS_PRD/on/demandware.static/-/Sites-col-master-catalog/default/dw4b3ba05f/images/col/733/7330836-hero.jpg?sw=280&sh=280"
                                },
                                {
                                    "marca": "Croffee",
                                    "descricao": "Barras de Aveia, Amêndoa e Canela com Café",
                                    "preco": "2,99€",
                                    "preco_antigo": null,
                                    "quantidade": "emb. 5 x 22 gr",
                                    "precoPorQuantidade": "27,18€/kg",
                                    "link": "https://www.continente.pt/produto/barras-de-aveia-amendoa-e-canela-com-cafe-croffee-7629042.html?cgid=mercearias-cereais-barras-barras",
                                    "imagem": "https://www.continente.pt/dw/image/v2/BDVS_PRD/on/demandware.static/-/Sites-col-master-catalog/default/dwe29d4777/images/col/762/7629042-frente.jpg?sw=280&sh=280"
                                },
                                {
                                    "marca": "Cem Porcento",
                                    "descricao": "Barra de Cereais Natura Amêndoa",
                                    "preco": "1,09€",
                                    "preco_antigo": null,
                                    "quantidade": "emb. 40 gr",
                                    "precoPorQuantidade": "27,25€/kg",
                                    "link": "https://www.continente.pt/produto/barra-de-cereais-natura-amendoa-cem-porcento-6902877.html?cgid=mercearias-cereais-barras-barras",
                                    "imagem": "https://www.continente.pt/dw/image/v2/BDVS_PRD/on/demandware.static/-/Sites-col-master-catalog/default/dwf6afa337/images/col/690/6902877-frente.jpg?sw=280&sh=280"
                                },
                                {
                                    "marca": "Cem Porcento",
                                    "descricao": "Barra de Cereais Natura Cacau",
                                    "preco": "1,09€",
                                    "preco_antigo": null,
                                    "quantidade": "emb. 40 gr",
                                    "precoPorQuantidade": "27,25€/kg",
                                    "link": "https://www.continente.pt/produto/barra-de-cereais-natura-cacau-cem-porcento-6902879.html?cgid=mercearias-cereais-barras-barras",
                                    "imagem": "https://www.continente.pt/dw/image/v2/BDVS_PRD/on/demandware.static/-/Sites-col-master-catalog/default/dwc22a75f4/images/col/690/6902879-frente.jpg?sw=280&sh=280"
                                },
                                {
                                    "marca": "Continente Bio",
                                    "descricao": "Barra Crua Coco e Chia Biológica",
                                    "preco": "2,59€",
                                    "preco_antigo": null,
                                    "quantidade": "emb. 3 x 30 gr",
                                    "precoPorQuantidade": "28,78€/kg",
                                    "link": "https://www.continente.pt/produto/barra-crua-coco-e-chia-biologica-continente-bio-6753462.html?cgid=mercearias-cereais-barras-barras",
                                    "imagem": "https://www.continente.pt/dw/image/v2/BDVS_PRD/on/demandware.static/-/Sites-col-master-catalog/default/dw5efe0c58/images/col/675/6753462-frente.jpg?sw=280&sh=280"
                                },
                                {
                                    "marca": "Bicentury",
                                    "descricao": "Barras de Cereais Multicereais com Chocolate Negro Sarialis",
                                    "preco": "2,69€",
                                    "preco_antigo": null,
                                    "quantidade": "emb. 6 x 15,5 gr",
                                    "precoPorQuantidade": "28,92€/kg",
                                    "link": "https://www.continente.pt/produto/barras-de-cereais-multicereais-com-chocolate-negro-sarialis-bicentury-5147098.html?cgid=mercearias-cereais-barras-barras",
                                    "imagem": "https://www.continente.pt/dw/image/v2/BDVS_PRD/on/demandware.static/-/Sites-col-master-catalog/default/dwce26b269/images/col/514/5147098-direito.jpg?sw=280&sh=280"
                                },
                                {
                                    "marca": "Rude Health",
                                    "descricao": "Barra Amendoim sem Glúten",
                                    "preco": "1,29€",
                                    "preco_antigo": null,
                                    "quantidade": "emb. 35 gr",
                                    "precoPorQuantidade": "32,25€/kg",
                                    "link": "https://www.continente.pt/produto/barra-amendoim-sem-gluten-rude-health-6116922.html?cgid=mercearias-cereais-barras-barras",
                                    "imagem": "https://www.continente.pt/dw/image/v2/BDVS_PRD/on/demandware.static/-/Sites-col-master-catalog/default/dwd2e6e2ed/images/col/611/6116922-frente.jpg?sw=280&sh=280"
                                },
                                {
                                    "marca": "Rude Health",
                                    "descricao": "Barra Batata Doce e Cacau sem Glúten",
                                    "preco": "1,29€",
                                    "preco_antigo": null,
                                    "quantidade": "emb. 35 gr",
                                    "precoPorQuantidade": "32,25€/kg",
                                    "link": "https://www.continente.pt/produto/barra-batata-doce-e-cacau-sem-gluten-rude-health-6116923.html?cgid=mercearias-cereais-barras-barras",
                                    "imagem": "https://www.continente.pt/dw/image/v2/BDVS_PRD/on/demandware.static/-/Sites-col-master-catalog/default/dwf447d2a5/images/col/611/6116923-frente.jpg?sw=280&sh=280"
                                },
                                {
                                    "marca": "Croffee",
                                    "descricao": "Barras de Amêndoa, Chocolate e Sal Marinho com Café",
                                    "preco": "2,99€",
                                    "preco_antigo": null,
                                    "quantidade": "emb. 5 x 22 gr",
                                    "precoPorQuantidade": "33,22€/kg",
                                    "link": "https://www.continente.pt/produto/barras-de-amendoa-chocolate-e-sal-marinho-com-cafe-croffee-7629045.html?cgid=mercearias-cereais-barras-barras",
                                    "imagem": "https://www.continente.pt/dw/image/v2/BDVS_PRD/on/demandware.static/-/Sites-col-master-catalog/default/dw3db9e7fd/images/col/762/7629045-frente.jpg?sw=280&sh=280"
                                },
                                {
                                    "marca": "Rude Health",
                                    "descricao": "Barra Coco sem Glúten Biológica",
                                    "preco": "1,29€",
                                    "preco_antigo": null,
                                    "quantidade": "emb. 35 gr",
                                    "precoPorQuantidade": "36,86€/kg",
                                    "link": "https://www.continente.pt/produto/barra-coco-sem-gluten-biologica-rude-health-6678749.html?cgid=mercearias-cereais-barras-barras",
                                    "imagem": "https://www.continente.pt/dw/image/v2/BDVS_PRD/on/demandware.static/-/Sites-col-master-catalog/default/dw6d9b7a81/images/col/667/6678749-frente.jpg?sw=280&sh=280"
                                },
                                {
                                    "marca": "Rude Health",
                                    "descricao": "Barra Frutos Vermelhos sem Glúten",
                                    "preco": "1,29€",
                                    "preco_antigo": null,
                                    "quantidade": "emb. 35 gr",
                                    "precoPorQuantidade": "36,86€/kg",
                                    "link": "https://www.continente.pt/produto/barra-frutos-vermelhos-sem-gluten-rude-health-7473517.html?cgid=mercearias-cereais-barras-barras",
                                    "imagem": "https://www.continente.pt/dw/image/v2/BDVS_PRD/on/demandware.static/-/Sites-col-master-catalog/default/dw694d51f8/images/col/747/7473517-frente.jpg?sw=280&sh=280"
                                },
                                {
                                    "marca": "Supr Natural",
                                    "descricao": "Bolas Energéticas Baunilha",
                                    "preco": "1,49€",
                                    "preco_antigo": null,
                                    "quantidade": "emb. 30 gr",
                                    "precoPorQuantidade": "42,57€/kg",
                                    "link": "https://www.continente.pt/produto/bolas-energeticas-baunilha-supr-natural-7462697.html?cgid=mercearias-cereais-barras-barras",
                                    "imagem": "https://www.continente.pt/dw/image/v2/BDVS_PRD/on/demandware.static/-/Sites-col-master-catalog/default/dw7cd9ab85/images/col/746/7462697-hero.jpg?sw=280&sh=280"
                                },
                                {
                                    "marca": "Supr Natural",
                                    "descricao": "Bolas Energéticas Avelã",
                                    "preco": "1,49€",
                                    "preco_antigo": null,
                                    "quantidade": "emb. 30 gr",
                                    "precoPorQuantidade": "42,57€/kg",
                                    "link": "https://www.continente.pt/produto/bolas-energeticas-avela-supr-natural-7462698.html?cgid=mercearias-cereais-barras-barras",
                                    "imagem": "https://www.continente.pt/dw/image/v2/BDVS_PRD/on/demandware.static/-/Sites-col-master-catalog/default/dwe48cecea/images/col/746/7462698-hero.jpg?sw=280&sh=280"
                                },
                                {
                                    "marca": "Supr Natural",
                                    "descricao": "Bola Energética Morango e Amêndoa",
                                    "preco": "1,49€",
                                    "preco_antigo": null,
                                    "quantidade": "emb. 30 gr",
                                    "precoPorQuantidade": "42,57€/kg",
                                    "link": "https://www.continente.pt/produto/bola-energetica-morango-e-amendoa-supr-natural-7462558.html?cgid=mercearias-cereais-barras-barras",
                                    "imagem": "https://www.continente.pt/dw/image/v2/BDVS_PRD/on/demandware.static/-/Sites-col-master-catalog/default/dw7cdb3b4e/images/col/746/7462558-hero.jpg?sw=280&sh=280"
                                },
                                {
                                    "marca": "Be-Kind",
                                    "descricao": "Barras de Amêndoa Caramelizada e Sal Marinho sem Glúten",
                                    "preco": "3,99€",
                                    "preco_antigo": null,
                                    "quantidade": "emb. 3 x 30 gr",
                                    "precoPorQuantidade": "44,33€/kg",
                                    "link": "https://www.continente.pt/produto/barras-de-amendoa-caramelizada-e-sal-marinho-sem-gluten-be-kind-7363644.html?cgid=mercearias-cereais-barras-barras",
                                    "imagem": "https://www.continente.pt/dw/image/v2/BDVS_PRD/on/demandware.static/-/Sites-col-master-catalog/default/dw63e7cee1/images/col/736/7363644-frente.jpg?sw=280&sh=280"
                                },
                                {
                                    "marca": "Be-Kind",
                                    "descricao": "Barras de Nozes com Chocolate Negro e Sal Marinho sem Glúten",
                                    "preco": "3,99€",
                                    "preco_antigo": null,
                                    "quantidade": "emb. 3 x 30 gr",
                                    "precoPorQuantidade": "44,33€/kg",
                                    "link": "https://www.continente.pt/produto/barras-de-nozes-com-chocolate-negro-e-sal-marinho-sem-gluten-be-kind-7363643.html?cgid=mercearias-cereais-barras-barras",
                                    "imagem": "https://www.continente.pt/dw/image/v2/BDVS_PRD/on/demandware.static/-/Sites-col-master-catalog/default/dw4498c483/images/col/736/7363643-direito.jpg?sw=280&sh=280"
                                },
                                {
                                    "marca": "Be-Kind",
                                    "descricao": "Barra de Amêndoas Caramelizadas e Sal Marinho",
                                    "preco": "1,99€",
                                    "preco_antigo": null,
                                    "quantidade": "emb. 40 gr",
                                    "precoPorQuantidade": "49,75€/kg",
                                    "link": "https://www.continente.pt/produto/barra-de-amendoas-caramelizadas-e-sal-marinho-be-kind-6927070.html?cgid=mercearias-cereais-barras-barras",
                                    "imagem": "https://www.continente.pt/dw/image/v2/BDVS_PRD/on/demandware.static/-/Sites-col-master-catalog/default/dw04135224/images/col/692/6927070-frente.jpg?sw=280&sh=280"
                                },
                                {
                                    "marca": "Be-Kind",
                                    "descricao": "Barra de Noz, Chocolate Negro e Sal Marinho sem Glúten",
                                    "preco": "1,99€",
                                    "preco_antigo": null,
                                    "quantidade": "emb. 40 gr",
                                    "precoPorQuantidade": "49,75€/kg",
                                    "link": "https://www.continente.pt/produto/barra-de-noz-chocolate-negro-e-sal-marinho-sem-gluten-be-kind-6927060.html?cgid=mercearias-cereais-barras-barras",
                                    "imagem": "https://www.continente.pt/dw/image/v2/BDVS_PRD/on/demandware.static/-/Sites-col-master-catalog/default/dw8b3235d4/images/col/692/6927060-frente.jpg?sw=280&sh=280"
                                },
                                {
                                    "marca": "Be-Kind",
                                    "descricao": "Barra de Chocolate Negro e Manteiga de Amendoim",
                                    "preco": "1,99€",
                                    "preco_antigo": null,
                                    "quantidade": "emb. 40 gr",
                                    "precoPorQuantidade": "49,75€/kg",
                                    "link": "https://www.continente.pt/produto/barra-de-chocolate-negro-e-manteiga-de-amendoim-be-kind-6927042.html?cgid=mercearias-cereais-barras-barras",
                                    "imagem": "https://www.continente.pt/dw/image/v2/BDVS_PRD/on/demandware.static/-/Sites-col-master-catalog/default/dw6e857e80/images/col/692/6927042-frente.jpg?sw=280&sh=280"
                                },
                                {
                                    "marca": "Be-Kind",
                                    "descricao": "Barra de Noz e Caramelo Torrado",
                                    "preco": "2,49€",
                                    "preco_antigo": null,
                                    "quantidade": "emb. 50 gr",
                                    "precoPorQuantidade": "49,80€/kg",
                                    "link": "https://www.continente.pt/produto/barra-de-noz-e-caramelo-torrado-be-kind-7144654.html?cgid=mercearias-cereais-barras-barras",
                                    "imagem": "https://www.continente.pt/dw/image/v2/BDVS_PRD/on/demandware.static/-/Sites-col-master-catalog/default/dw8e78ab55/images/col/714/7144654-frente.jpg?sw=280&sh=280"
                                },
                                {
                                    "marca": "Be-Kind",
                                    "descricao": "Barra de Noz e Chocolate Negro",
                                    "preco": "2,49€",
                                    "preco_antigo": null,
                                    "quantidade": "emb. 50 gr",
                                    "precoPorQuantidade": "49,80€/kg",
                                    "link": "https://www.continente.pt/produto/barra-de-noz-e-chocolate-negro-be-kind-7144647.html?cgid=mercearias-cereais-barras-barras",
                                    "imagem": "https://www.continente.pt/dw/image/v2/BDVS_PRD/on/demandware.static/-/Sites-col-master-catalog/default/dwdff05c6b/images/col/714/7144647-frente.jpg?sw=280&sh=280"
                                }
                            ]
                        }
                    ]
                },
                {
                    "name": "Bolachas, Biscoitos e Tostas",
                    "items": [
                        {
                            "name": "Bolachas de Chocolate",
                            "items": [
                                {
                                    "marca": "Gullón",
                                    "descricao": "Bolachas Vitalday Cereais e Chocolate Crocantes",
                                    "preco": "1,14€",
                                    "preco_antigo": null,
                                    "quantidade": "emb. 280 gr",
                                    "precoPorQuantidade": "4,07€/kg",
                                    "link": "https://www.continente.pt/produto/bolachas-vitalday-cereais-e-chocolate-crocantes-gullon-5512073.html?cgid=mercearias-bolachas-biscoitos-chocolate",
                                    "imagem": "https://www.continente.pt/dw/image/v2/BDVS_PRD/on/demandware.static/-/Sites-col-master-catalog/default/dw4f1933bb/images/col/551/5512073-direito.jpg?sw=280&sh=280"
                                },
                                {
                                    "marca": "Continente",
                                    "descricao": "Bolachas Wafers com Recheio de Chocolate",
                                    "preco": "1,19€",
                                    "preco_antigo": null,
                                    "quantidade": "emb. 250 gr",
                                    "precoPorQuantidade": "4,76€/kg",
                                    "link": "https://www.continente.pt/produto/bolachas-wafers-com-recheio-de-chocolate-continente-2062185.html?cgid=mercearias-bolachas-biscoitos-chocolate",
                                    "imagem": "https://www.continente.pt/dw/image/v2/BDVS_PRD/on/demandware.static/-/Sites-col-master-catalog/default/dw57e6ea14/images/col/206/2062185-hero.jpg?sw=280&sh=280"
                                },
                                {
                                    "marca": "Nacional",
                                    "descricao": "Bolachas Morning Break Alfarroba e Chocolate",
                                    "preco": "1,49€",
                                    "preco_antigo": null,
                                    "quantidade": "emb. 300 gr (6 un)",
                                    "precoPorQuantidade": "4,97€/kg",
                                    "link": "https://www.continente.pt/produto/bolachas-morning-break-alfarroba-e-chocolate-nacional-7032528.html?cgid=mercearias-bolachas-biscoitos-chocolate",
                                    "imagem": "https://www.continente.pt/dw/image/v2/BDVS_PRD/on/demandware.static/-/Sites-col-master-catalog/default/dwc71f6e22/images/col/703/7032528-hero.jpg?sw=280&sh=280"
                                },
                                {
                                    "marca": "Continente",
                                    "descricao": "Bolachas Wafers Chocolate e Avelã",
                                    "preco": "0,95€",
                                    "preco_antigo": null,
                                    "quantidade": "emb. 180 gr (3 un)",
                                    "precoPorQuantidade": "5,28€/kg",
                                    "link": "https://www.continente.pt/produto/bolachas-wafers-chocolate-e-avela-continente-7382287.html?cgid=mercearias-bolachas-biscoitos-chocolate",
                                    "imagem": "https://www.continente.pt/dw/image/v2/BDVS_PRD/on/demandware.static/-/Sites-col-master-catalog/default/dwa08fc00a/images/col/738/7382287-frente.jpg?sw=280&sh=280"
                                },
                                {
                                    "marca": "Continente",
                                    "descricao": "Bolachas Cookies com Pepitas de Chocolate",
                                    "preco": "1,19€",
                                    "preco_antigo": null,
                                    "quantidade": "emb. 225 gr",
                                    "precoPorQuantidade": "5,29€/kg",
                                    "link": "https://www.continente.pt/produto/bolachas-cookies-com-pepitas-de-chocolate-continente-6543462.html?cgid=mercearias-bolachas-biscoitos-chocolate",
                                    "imagem": "https://www.continente.pt/dw/image/v2/BDVS_PRD/on/demandware.static/-/Sites-col-master-catalog/default/dw221f0ec0/images/col/654/6543462-hero.jpg?sw=280&sh=280"
                                },
                                {
                                    "marca": "Gullón",
                                    "descricao": "Bolachas Vitalday Crocantes de Aveia e Chocolate",
                                    "preco": "1,59€",
                                    "preco_antigo": null,
                                    "quantidade": "emb. 300 gr",
                                    "precoPorQuantidade": "5,30€/kg",
                                    "link": "https://www.continente.pt/produto/bolachas-vitalday-crocantes-de-aveia-e-chocolate-gullon-7213856.html?cgid=mercearias-bolachas-biscoitos-chocolate",
                                    "imagem": "https://www.continente.pt/dw/image/v2/BDVS_PRD/on/demandware.static/-/Sites-col-master-catalog/default/dwf6c7fa92/images/col/721/7213856-direito.jpg?sw=280&sh=280"
                                },
                                {
                                    "marca": "Continente",
                                    "descricao": "Bolachas Pequeno Almoço Chocolate",
                                    "preco": "1,65€",
                                    "preco_antigo": null,
                                    "quantidade": "emb. 300 gr (6 un)",
                                    "precoPorQuantidade": "5,50€/kg",
                                    "link": "https://www.continente.pt/produto/bolachas-pequeno-almoco-chocolate-continente-7360174.html?cgid=mercearias-bolachas-biscoitos-chocolate",
                                    "imagem": "https://www.continente.pt/dw/image/v2/BDVS_PRD/on/demandware.static/-/Sites-col-master-catalog/default/dw3a18b386/images/col/736/7360174-frente.jpg?sw=280&sh=280"
                                },
                                {
                                    "marca": "Continente",
                                    "descricao": "Bolachas Shortcake de Chocolate",
                                    "preco": "1,09€",
                                    "preco_antigo": null,
                                    "quantidade": "emb. 185 gr",
                                    "precoPorQuantidade": "5,89€/kg",
                                    "link": "https://www.continente.pt/produto/bolachas-shortcake-de-chocolate-continente-5832171.html?cgid=mercearias-bolachas-biscoitos-chocolate",
                                    "imagem": "https://www.continente.pt/dw/image/v2/BDVS_PRD/on/demandware.static/-/Sites-col-master-catalog/default/dwdcf502c9/images/col/583/5832171-hero.jpg?sw=280&sh=280"
                                },
                                {
                                    "marca": "Belvita",
                                    "descricao": "Bolachas de Cereais com Chocolate",
                                    "preco": "1,84€",
                                    "preco_antigo": null,
                                    "quantidade": "emb. 300 gr (6 un)",
                                    "precoPorQuantidade": "6,13€/kg",
                                    "link": "https://www.continente.pt/produto/bolachas-de-cereais-com-chocolate-belvita-4312968.html?cgid=mercearias-bolachas-biscoitos-chocolate",
                                    "imagem": "https://www.continente.pt/dw/image/v2/BDVS_PRD/on/demandware.static/-/Sites-col-master-catalog/default/dw75feb1c2/images/col/431/4312968-frente.jpg?sw=280&sh=280"
                                },
                                {
                                    "marca": "Belvita",
                                    "descricao": "Bolachas de Chocolate com Menos Açúcar",
                                    "preco": "1,84€",
                                    "preco_antigo": null,
                                    "quantidade": "emb. 300 gr (8 un)",
                                    "precoPorQuantidade": "6,13€/kg",
                                    "link": "https://www.continente.pt/produto/bolachas-de-chocolate-com-menos-acucar-belvita-6980803.html?cgid=mercearias-bolachas-biscoitos-chocolate",
                                    "imagem": "https://www.continente.pt/dw/image/v2/BDVS_PRD/on/demandware.static/-/Sites-col-master-catalog/default/dwebfdaa0f/images/col/698/6980803-frente.jpg?sw=280&sh=280"
                                },
                                {
                                    "marca": "Continente",
                                    "descricao": "Bolachas com Pepitas de Chocolate",
                                    "preco": "0,99€",
                                    "preco_antigo": null,
                                    "quantidade": "emb. 150 gr",
                                    "precoPorQuantidade": "6,60€/kg",
                                    "link": "https://www.continente.pt/produto/bolachas-com-pepitas-de-chocolate-continente-3872611.html?cgid=mercearias-bolachas-biscoitos-chocolate",
                                    "imagem": "https://www.continente.pt/dw/image/v2/BDVS_PRD/on/demandware.static/-/Sites-col-master-catalog/default/dwb5dae006/images/col/387/3872611-frente.jpg?sw=280&sh=280"
                                },
                                {
                                    "marca": "Artiach",
                                    "descricao": "Bolachas com Pepitas de Chocolate Energy Chiquilin",
                                    "preco": "1,34€",
                                    "preco_antigo": null,
                                    "quantidade": "emb. 200 gr (5 un)",
                                    "precoPorQuantidade": "6,70€/kg",
                                    "link": "https://www.continente.pt/produto/bolachas-com-pepitas-de-chocolate-energy-chiquilin-artiach-5361495.html?cgid=mercearias-bolachas-biscoitos-chocolate",
                                    "imagem": "https://www.continente.pt/dw/image/v2/BDVS_PRD/on/demandware.static/-/Sites-col-master-catalog/default/dwbd3a498a/images/col/536/5361495-direito.jpg?sw=280&sh=280"
                                },
                                {
                                    "marca": "Nacional",
                                    "descricao": "Bolachas My Mini Cookie com Chocolate",
                                    "preco": "0,94€",
                                    "preco_antigo": null,
                                    "quantidade": "emb. 120 gr",
                                    "precoPorQuantidade": "7,83€/kg",
                                    "link": "https://www.continente.pt/produto/bolachas-my-mini-cookie-com-chocolate-nacional-6441531.html?cgid=mercearias-bolachas-biscoitos-chocolate",
                                    "imagem": "https://www.continente.pt/dw/image/v2/BDVS_PRD/on/demandware.static/-/Sites-col-master-catalog/default/dwdd5bb790/images/col/644/6441531-hero.jpg?sw=280&sh=280"
                                },
                                {
                                    "marca": "Continente",
                                    "descricao": "Bolachas Cookies Pepitas de Chocolate",
                                    "preco": "1,49€",
                                    "preco_antigo": null,
                                    "quantidade": "emb. 180 gr",
                                    "precoPorQuantidade": "8,28€/kg",
                                    "link": "https://www.continente.pt/produto/bolachas-cookies-pepitas-de-chocolate-continente-7320147.html?cgid=mercearias-bolachas-biscoitos-chocolate",
                                    "imagem": "https://www.continente.pt/dw/image/v2/BDVS_PRD/on/demandware.static/-/Sites-col-master-catalog/default/dwee895fd7/images/col/732/7320147-frente.jpg?sw=280&sh=280"
                                },
                                {
                                    "marca": "Nacional",
                                    "descricao": "Bolachas Shortcake de Chocolate",
                                    "preco": "1,59€",
                                    "preco_antigo": null,
                                    "quantidade": "emb. 180 gr",
                                    "precoPorQuantidade": "8,83€/kg",
                                    "link": "https://www.continente.pt/produto/bolachas-shortcake-de-chocolate-nacional-5722924.html?cgid=mercearias-bolachas-biscoitos-chocolate",
                                    "imagem": "https://www.continente.pt/dw/image/v2/BDVS_PRD/on/demandware.static/-/Sites-col-master-catalog/default/dwdfdb3356/images/col/572/5722924-hero.jpg?sw=280&sh=280"
                                },
                                {
                                    "marca": "Chips Ahoy",
                                    "descricao": "Bolachas Mini Pepitas de Chocolate",
                                    "preco": "1,49€",
                                    "preco_antigo": null,
                                    "quantidade": "emb. 160 gr (4 un)",
                                    "precoPorQuantidade": "9,31€/kg",
                                    "link": "https://www.continente.pt/produto/bolachas-mini-pepitas-de-chocolate-chips-ahoy-2463432.html?cgid=mercearias-bolachas-biscoitos-chocolate",
                                    "imagem": "https://www.continente.pt/dw/image/v2/BDVS_PRD/on/demandware.static/-/Sites-col-master-catalog/default/dwd69cc896/images/col/246/2463432-frente.jpg?sw=280&sh=280"
                                },
                                {
                                    "marca": "Continente",
                                    "descricao": "Mini Bolachas com Pepitas de Chocolate",
                                    "preco": "1,59€",
                                    "preco_antigo": null,
                                    "quantidade": "emb. 160 gr (4 un)",
                                    "precoPorQuantidade": "9,94€/kg",
                                    "link": "https://www.continente.pt/produto/mini-bolachas-com-pepitas-de-chocolate-continente-7375866.html?cgid=mercearias-bolachas-biscoitos-chocolate",
                                    "imagem": "https://www.continente.pt/dw/image/v2/BDVS_PRD/on/demandware.static/-/Sites-col-master-catalog/default/dwa4287d99/images/col/737/7375866-frente.jpg?sw=280&sh=280"
                                },
                                {
                                    "marca": "Triunfo",
                                    "descricao": "Bolachas Wafers com Recheio de Chocolate",
                                    "preco": "1,49€",
                                    "preco_antigo": null,
                                    "quantidade": "emb. 146 gr",
                                    "precoPorQuantidade": "10,21€/kg",
                                    "link": "https://www.continente.pt/produto/bolachas-wafers-com-recheio-de-chocolate-triunfo-4657044.html?cgid=mercearias-bolachas-biscoitos-chocolate",
                                    "imagem": "https://www.continente.pt/dw/image/v2/BDVS_PRD/on/demandware.static/-/Sites-col-master-catalog/default/dw41802856/images/col/465/4657044-frente.jpg?sw=280&sh=280"
                                },
                                {
                                    "marca": "Nacional",
                                    "descricao": "Bolachas My Cookies Tradicional",
                                    "preco": "1,59€",
                                    "preco_antigo": null,
                                    "quantidade": "emb. 150 gr",
                                    "precoPorQuantidade": "10,60€/kg",
                                    "link": "https://www.continente.pt/produto/bolachas-my-cookies-tradicional-nacional-6849095.html?cgid=mercearias-bolachas-biscoitos-chocolate",
                                    "imagem": "https://www.continente.pt/dw/image/v2/BDVS_PRD/on/demandware.static/-/Sites-col-master-catalog/default/dwc808b384/images/col/684/6849095-hero.jpg?sw=280&sh=280"
                                },
                                {
                                    "marca": "Nacional",
                                    "descricao": "Bolachas My Cookie Chocolate",
                                    "preco": "1,59€",
                                    "preco_antigo": null,
                                    "quantidade": "emb. 150 gr",
                                    "precoPorQuantidade": "10,60€/kg",
                                    "link": "https://www.continente.pt/produto/bolachas-my-cookie-chocolate-nacional-6849072.html?cgid=mercearias-bolachas-biscoitos-chocolate",
                                    "imagem": "https://www.continente.pt/dw/image/v2/BDVS_PRD/on/demandware.static/-/Sites-col-master-catalog/default/dw42fb3890/images/col/684/6849072-hero.jpg?sw=280&sh=280"
                                },
                                {
                                    "marca": "Nacional",
                                    "descricao": "Bolachas My Cookies de Aveia e Chocolate",
                                    "preco": "1,59€",
                                    "preco_antigo": null,
                                    "quantidade": "emb. 150 gr",
                                    "precoPorQuantidade": "10,60€/kg",
                                    "link": "https://www.continente.pt/produto/bolachas-my-cookies-de-aveia-e-chocolate-nacional-7612878.html?cgid=mercearias-bolachas-biscoitos-chocolate",
                                    "imagem": "https://www.continente.pt/dw/image/v2/BDVS_PRD/on/demandware.static/-/Sites-col-master-catalog/default/dw4ce59ca7/images/col/761/7612878-frente.jpg?sw=280&sh=280"
                                },
                                {
                                    "marca": "Gullón",
                                    "descricao": "Bolachas Vitalday de Aveia e Pepitas de Chocolate",
                                    "preco": "2,59€",
                                    "preco_antigo": null,
                                    "quantidade": "emb. 240 gr (6 un)",
                                    "precoPorQuantidade": "10,79€/kg",
                                    "link": "https://www.continente.pt/produto/bolachas-vitalday-de-aveia-e-pepitas-de-chocolate-gullon-5512020.html?cgid=mercearias-bolachas-biscoitos-chocolate",
                                    "imagem": "https://www.continente.pt/dw/image/v2/BDVS_PRD/on/demandware.static/-/Sites-col-master-catalog/default/dw603eaf7d/images/col/551/5512020-direito.jpg?sw=280&sh=280"
                                },
                                {
                                    "marca": "Chips Ahoy",
                                    "descricao": "Bolachas Cookies Pepitas de Chocolate",
                                    "preco": "3,29€",
                                    "preco_antigo": null,
                                    "quantidade": "emb. 300 gr",
                                    "precoPorQuantidade": "10,97€/kg",
                                    "link": "https://www.continente.pt/produto/bolachas-cookies-pepitas-de-chocolate-chips-ahoy-2132835.html?cgid=mercearias-bolachas-biscoitos-chocolate",
                                    "imagem": "https://www.continente.pt/dw/image/v2/BDVS_PRD/on/demandware.static/-/Sites-col-master-catalog/default/dwa4decd7b/images/col/213/2132835-frente.jpg?sw=280&sh=280"
                                },
                                {
                                    "marca": "Milka",
                                    "descricao": "Bolachas Cookie e Choco Milka",
                                    "preco": "1,49€",
                                    "preco_antigo": null,
                                    "quantidade": "emb. 135 gr",
                                    "precoPorQuantidade": "11,04€/kg",
                                    "link": "https://www.continente.pt/produto/bolachas-cookie-e-choco-milka-milka-7341159.html?cgid=mercearias-bolachas-biscoitos-chocolate",
                                    "imagem": "https://www.continente.pt/dw/image/v2/BDVS_PRD/on/demandware.static/-/Sites-col-master-catalog/default/dw7c92b9de/images/col/734/7341159-frente.jpg?sw=280&sh=280"
                                },
                                {
                                    "marca": "Continente",
                                    "descricao": "Bolachas Wafers de Chocolate e Avelã",
                                    "preco": "1,89€",
                                    "preco_antigo": null,
                                    "quantidade": "emb. 171 gr (6 un)",
                                    "precoPorQuantidade": "11,05€/kg",
                                    "link": "https://www.continente.pt/produto/bolachas-wafers-de-chocolate-e-avela-continente-7240748.html?cgid=mercearias-bolachas-biscoitos-chocolate",
                                    "imagem": "https://www.continente.pt/dw/image/v2/BDVS_PRD/on/demandware.static/-/Sites-col-master-catalog/default/dwf91cc7f2/images/col/724/7240748-frente.jpg?sw=280&sh=280"
                                },
                                {
                                    "marca": "Continente",
                                    "descricao": "Bolachas Wafers de Chocolate de Leite",
                                    "preco": "1,89€",
                                    "preco_antigo": null,
                                    "quantidade": "emb. 171 gr (6 un)",
                                    "precoPorQuantidade": "11,05€/kg",
                                    "link": "https://www.continente.pt/produto/bolachas-wafers-de-chocolate-de-leite-continente-5816405.html?cgid=mercearias-bolachas-biscoitos-chocolate",
                                    "imagem": "https://www.continente.pt/dw/image/v2/BDVS_PRD/on/demandware.static/-/Sites-col-master-catalog/default/dwf88c189e/images/col/581/5816405-hero.jpg?sw=280&sh=280"
                                },
                                {
                                    "marca": "Milka",
                                    "descricao": "Bolachas Wafers de Chocolate Branco",
                                    "preco": "1,99€",
                                    "preco_antigo": null,
                                    "quantidade": "emb. 180 gr (6 un)",
                                    "precoPorQuantidade": "11,06€/kg",
                                    "link": "https://www.continente.pt/produto/bolachas-wafers-de-chocolate-branco-milka-4324989.html?cgid=mercearias-bolachas-biscoitos-chocolate",
                                    "imagem": "https://www.continente.pt/dw/image/v2/BDVS_PRD/on/demandware.static/-/Sites-col-master-catalog/default/dw6015b94d/images/col/432/4324989-direito.jpg?sw=280&sh=280"
                                },
                                {
                                    "marca": "Nacional",
                                    "descricao": "Bolachas Mini Cookies Zero sem Açúcar",
                                    "preco": "1,34€",
                                    "preco_antigo": null,
                                    "quantidade": "emb.120 gr",
                                    "precoPorQuantidade": "11,17€/kg",
                                    "link": "https://www.continente.pt/produto/bolachas-mini-cookies-zero-sem-acucar-nacional-7412422.html?cgid=mercearias-bolachas-biscoitos-chocolate",
                                    "imagem": "https://www.continente.pt/dw/image/v2/BDVS_PRD/on/demandware.static/-/Sites-col-master-catalog/default/dw8b17fee8/images/col/741/7412422-hero.jpg?sw=280&sh=280"
                                },
                                {
                                    "marca": "Waferland",
                                    "descricao": "Bolachas Wafers Cacau",
                                    "preco": "1,99€",
                                    "preco_antigo": null,
                                    "quantidade": "emb. 175 gr",
                                    "precoPorQuantidade": "11,37€/kg",
                                    "link": "https://www.continente.pt/produto/bolachas-wafers-cacau-waferland-7335486.html?cgid=mercearias-bolachas-biscoitos-chocolate",
                                    "imagem": "https://www.continente.pt/dw/image/v2/BDVS_PRD/on/demandware.static/-/Sites-col-master-catalog/default/dw8e489f05/images/col/733/7335486-frente.jpg?sw=280&sh=280"
                                },
                                {
                                    "marca": "Continente",
                                    "descricao": "Bolachas com Chocolate e Sementes",
                                    "preco": "2,29€",
                                    "preco_antigo": null,
                                    "quantidade": "emb. 200 gr",
                                    "precoPorQuantidade": "11,45€/kg",
                                    "link": "https://www.continente.pt/produto/bolachas-com-chocolate-e-sementes-continente-7382008.html?cgid=mercearias-bolachas-biscoitos-chocolate",
                                    "imagem": "https://www.continente.pt/dw/image/v2/BDVS_PRD/on/demandware.static/-/Sites-col-master-catalog/default/dwbd3275ed/images/col/738/7382008-frente.jpg?sw=280&sh=280"
                                },
                                {
                                    "marca": "Waferland",
                                    "descricao": "Bolachas Wafers Bites de Cacau",
                                    "preco": "1,49€",
                                    "preco_antigo": null,
                                    "quantidade": "emb. 125 gr",
                                    "precoPorQuantidade": "11,92€/kg",
                                    "link": "https://www.continente.pt/produto/bolachas-wafers-bites-de-cacau-waferland-7335476.html?cgid=mercearias-bolachas-biscoitos-chocolate",
                                    "imagem": "https://www.continente.pt/dw/image/v2/BDVS_PRD/on/demandware.static/-/Sites-col-master-catalog/default/dw5897f2a6/images/col/733/7335476-frente.jpg?sw=280&sh=280"
                                },
                                {
                                    "marca": "Waferland",
                                    "descricao": "Bolachas Wafers Bites de Avelã",
                                    "preco": "1,49€",
                                    "preco_antigo": null,
                                    "quantidade": "emb. 125 gr",
                                    "precoPorQuantidade": "11,92€/kg",
                                    "link": "https://www.continente.pt/produto/bolachas-wafers-bites-de-avela-waferland-7335471.html?cgid=mercearias-bolachas-biscoitos-chocolate",
                                    "imagem": "https://www.continente.pt/dw/image/v2/BDVS_PRD/on/demandware.static/-/Sites-col-master-catalog/default/dw93892f3b/images/col/733/7335471-frente.jpg?sw=280&sh=280"
                                },
                                {
                                    "marca": "Gullón",
                                    "descricao": "Bolachas Chocolate Chips Biológicas",
                                    "preco": "2,99€",
                                    "preco_antigo": null,
                                    "quantidade": "emb. 250 gr",
                                    "precoPorQuantidade": "11,96€/kg",
                                    "link": "https://www.continente.pt/produto/bolachas-chocolate-chips-biologicas-gullon-6338236.html?cgid=mercearias-bolachas-biscoitos-chocolate",
                                    "imagem": "https://www.continente.pt/dw/image/v2/BDVS_PRD/on/demandware.static/-/Sites-col-master-catalog/default/dw3b66611a/images/col/633/6338236-direito.jpg?sw=280&sh=280"
                                },
                                {
                                    "marca": "Belvita",
                                    "descricao": "Bolachas Soft Bakes com Pepitas Chocolate",
                                    "preco": "2,99€",
                                    "preco_antigo": null,
                                    "quantidade": "emb. 250 gr (5 un)",
                                    "precoPorQuantidade": "11,96€/kg",
                                    "link": "https://www.continente.pt/produto/bolachas-soft-bakes-com-pepitas-chocolate-belvita-6473552.html?cgid=mercearias-bolachas-biscoitos-chocolate",
                                    "imagem": "https://www.continente.pt/dw/image/v2/BDVS_PRD/on/demandware.static/-/Sites-col-master-catalog/default/dwbd186f3b/images/col/647/6473552-direito.jpg?sw=280&sh=280"
                                },
                                {
                                    "marca": "Vieira",
                                    "descricao": "Bolachas Wafers de Chocolate Stracciatella Cubos",
                                    "preco": "1,52€",
                                    "preco_antigo": null,
                                    "quantidade": "emb. 125 gr",
                                    "precoPorQuantidade": "12,16€/kg",
                                    "link": "https://www.continente.pt/produto/bolachas-wafers-de-chocolate-stracciatella-cubos-vieira-5687484.html?cgid=mercearias-bolachas-biscoitos-chocolate",
                                    "imagem": "https://www.continente.pt/dw/image/v2/BDVS_PRD/on/demandware.static/-/Sites-col-master-catalog/default/dw22950041/images/col/568/5687484-frente.jpg?sw=280&sh=280"
                                },
                                {
                                    "marca": "Cem Porcento",
                                    "descricao": "Bolachas Wafers Coco Sem Açúcar",
                                    "preco": "2,19€",
                                    "preco_antigo": null,
                                    "quantidade": "emb. 180 gr",
                                    "precoPorQuantidade": "12,17€/kg",
                                    "link": "https://www.continente.pt/produto/bolachas-wafers-coco-sem-acucar-cem-porcento-7422362.html?cgid=mercearias-bolachas-biscoitos-chocolate",
                                    "imagem": "https://www.continente.pt/dw/image/v2/BDVS_PRD/on/demandware.static/-/Sites-col-master-catalog/default/dw633c3038/images/col/742/7422362-direito.jpg?sw=280&sh=280"
                                },
                                {
                                    "marca": "Loacker",
                                    "descricao": "Bolachas Wafers Quadratini Duplo Chocolate",
                                    "preco": "3,29€",
                                    "preco_antigo": null,
                                    "quantidade": "emb. 250 gr",
                                    "precoPorQuantidade": "13,16€/kg",
                                    "link": "https://www.continente.pt/produto/bolachas-wafers-quadratini-duplo-chocolate-loacker-7095816.html?cgid=mercearias-bolachas-biscoitos-chocolate",
                                    "imagem": "https://www.continente.pt/dw/image/v2/BDVS_PRD/on/demandware.static/-/Sites-col-master-catalog/default/dw26b571c7/images/col/709/7095816-direito.jpg?sw=280&sh=280"
                                },
                                {
                                    "marca": "Loacker",
                                    "descricao": "Bolachas Wafers Quadratini com Recheio de Chocolate",
                                    "preco": "3,29€",
                                    "preco_antigo": null,
                                    "quantidade": "emb. 250 gr",
                                    "precoPorQuantidade": "13,16€/kg",
                                    "link": "https://www.continente.pt/produto/bolachas-wafers-quadratini-com-recheio-de-chocolate-loacker-2202897.html?cgid=mercearias-bolachas-biscoitos-chocolate",
                                    "imagem": "https://www.continente.pt/dw/image/v2/BDVS_PRD/on/demandware.static/-/Sites-col-master-catalog/default/dw66c773af/images/col/220/2202897-direito.jpg?sw=280&sh=280"
                                },
                                {
                                    "marca": "Nacional",
                                    "descricao": "Bolachas Cookie XL Chocolate de Leite",
                                    "preco": "2,39€",
                                    "preco_antigo": null,
                                    "quantidade": "emb. 180 gr",
                                    "precoPorQuantidade": "13,28€/kg",
                                    "link": "https://www.continente.pt/produto/bolachas-cookie-xl-chocolate-de-leite-nacional-6643311.html?cgid=mercearias-bolachas-biscoitos-chocolate",
                                    "imagem": "https://www.continente.pt/dw/image/v2/BDVS_PRD/on/demandware.static/-/Sites-col-master-catalog/default/dwe8d4c5e6/images/col/664/6643311-hero.jpg?sw=280&sh=280"
                                },
                                {
                                    "marca": "Nacional",
                                    "descricao": "Bolachas Cookie XL Alfarroba e Chocolate",
                                    "preco": "2,39€",
                                    "preco_antigo": null,
                                    "quantidade": "emb. 180 gr",
                                    "precoPorQuantidade": "13,28€/kg",
                                    "link": "https://www.continente.pt/produto/bolachas-cookie-xl-alfarroba-e-chocolate-nacional-6643189.html?cgid=mercearias-bolachas-biscoitos-chocolate",
                                    "imagem": "https://www.continente.pt/dw/image/v2/BDVS_PRD/on/demandware.static/-/Sites-col-master-catalog/default/dwdcb8d2b8/images/col/664/6643189-hero.jpg?sw=280&sh=280"
                                },
                                {
                                    "marca": "Chips Ahoy",
                                    "descricao": "Bolachas Extra Pepitas XL",
                                    "preco": "2,59€",
                                    "preco_antigo": null,
                                    "quantidade": "emb. 184 gr",
                                    "precoPorQuantidade": "14,08€/kg",
                                    "link": "https://www.continente.pt/produto/bolachas-extra-pepitas-xl-chips-ahoy-6401652.html?cgid=mercearias-bolachas-biscoitos-chocolate",
                                    "imagem": "https://www.continente.pt/dw/image/v2/BDVS_PRD/on/demandware.static/-/Sites-col-master-catalog/default/dwe47fc19f/images/col/640/6401652-frente.jpg?sw=280&sh=280"
                                },
                                {
                                    "marca": "Milka",
                                    "descricao": "Bolachas Cookies XL Pepitas de Chocolate",
                                    "preco": "2,69€",
                                    "preco_antigo": null,
                                    "quantidade": "emb. 184 gr",
                                    "precoPorQuantidade": "14,62€/kg",
                                    "link": "https://www.continente.pt/produto/bolachas-cookies-xl-pepitas-de-chocolate-milka-5147464.html?cgid=mercearias-bolachas-biscoitos-chocolate",
                                    "imagem": "https://www.continente.pt/dw/image/v2/BDVS_PRD/on/demandware.static/-/Sites-col-master-catalog/default/dw4fda08ef/images/col/514/5147464-direito.jpg?sw=280&sh=280"
                                },
                                {
                                    "marca": "Chips Ahoy",
                                    "descricao": "Bolachas Cookies Extra Choco Rings",
                                    "preco": "2,59€",
                                    "preco_antigo": null,
                                    "quantidade": "emb. 176 gr",
                                    "precoPorQuantidade": "14,72€/kg",
                                    "link": "https://www.continente.pt/produto/bolachas-cookies-extra-choco-rings-chips-ahoy-7504748.html?cgid=mercearias-bolachas-biscoitos-chocolate",
                                    "imagem": "https://www.continente.pt/dw/image/v2/BDVS_PRD/on/demandware.static/-/Sites-col-master-catalog/default/dwd0e5128e/images/col/750/7504748-frente.jpg?sw=280&sh=280"
                                },
                                {
                                    "marca": "Chips Ahoy",
                                    "descricao": "Bolachas Cookies Pepitas de Chocolate",
                                    "preco": "1,89€",
                                    "preco_antigo": null,
                                    "quantidade": "emb. 128 gr",
                                    "precoPorQuantidade": "14,77€/kg",
                                    "link": "https://www.continente.pt/produto/bolachas-cookies-pepitas-de-chocolate-chips-ahoy-2408351.html?cgid=mercearias-bolachas-biscoitos-chocolate",
                                    "imagem": "https://www.continente.pt/dw/image/v2/BDVS_PRD/on/demandware.static/-/Sites-col-master-catalog/default/dw8af34719/images/col/240/2408351-frente.jpg?sw=280&sh=280"
                                },
                                {
                                    "marca": "Artiach",
                                    "descricao": "Bolachas Chiquichocs Energy Chiquilin",
                                    "preco": "2,09€",
                                    "preco_antigo": null,
                                    "quantidade": "emb. 140 gr (4 un)",
                                    "precoPorQuantidade": "14,93€/kg",
                                    "link": "https://www.continente.pt/produto/bolachas-chiquichocs-energy-chiquilin-artiach-4694813.html?cgid=mercearias-bolachas-biscoitos-chocolate",
                                    "imagem": "https://www.continente.pt/dw/image/v2/BDVS_PRD/on/demandware.static/-/Sites-col-master-catalog/default/dw26db71a8/images/col/469/4694813-direito.jpg?sw=280&sh=280"
                                },
                                {
                                    "marca": "Milka",
                                    "descricao": "Bolachas Wafers de Chocolate de Leite",
                                    "preco": "2,69€",
                                    "preco_antigo": null,
                                    "quantidade": "emb. 180 gr (6 un)",
                                    "precoPorQuantidade": "14,94€/kg",
                                    "link": "https://www.continente.pt/produto/bolachas-wafers-de-chocolate-de-leite-milka-4324986.html?cgid=mercearias-bolachas-biscoitos-chocolate",
                                    "imagem": "https://www.continente.pt/dw/image/v2/BDVS_PRD/on/demandware.static/-/Sites-col-master-catalog/default/dw2e9419b9/images/col/432/4324986-frente.jpg?sw=280&sh=280"
                                },
                                {
                                    "marca": "Milka",
                                    "descricao": "Bolachas Cookies Sensations Oreo",
                                    "preco": "2,69€",
                                    "preco_antigo": null,
                                    "quantidade": "emb. 156 gr",
                                    "precoPorQuantidade": "17,24€/kg",
                                    "link": "https://www.continente.pt/produto/bolachas-cookies-sensations-oreo-milka-7245935.html?cgid=mercearias-bolachas-biscoitos-chocolate",
                                    "imagem": "https://www.continente.pt/dw/image/v2/BDVS_PRD/on/demandware.static/-/Sites-col-master-catalog/default/dw86ec1e02/images/col/724/7245935-frente.jpg?sw=280&sh=280"
                                },
                                {
                                    "marca": "Milka",
                                    "descricao": "Cookie Sensations Chocolate",
                                    "preco": "2,69€",
                                    "preco_antigo": null,
                                    "quantidade": "emb. 156 gr",
                                    "precoPorQuantidade": "17,24€/kg",
                                    "link": "https://www.continente.pt/produto/cookie-sensations-chocolate-milka-5825190.html?cgid=mercearias-bolachas-biscoitos-chocolate",
                                    "imagem": "https://www.continente.pt/dw/image/v2/BDVS_PRD/on/demandware.static/-/Sites-col-master-catalog/default/dwdd82d125/images/col/582/5825190-frente.jpg?sw=280&sh=280"
                                },
                                {
                                    "marca": "Oreo",
                                    "descricao": "Bolachas Cobertas Crunchy Bites",
                                    "preco": "1,99€",
                                    "preco_antigo": null,
                                    "quantidade": "emb. 110 gr",
                                    "precoPorQuantidade": "18,09€ /kg",
                                    "link": "https://www.continente.pt/produto/bolachas-cobertas-crunchy-bites-oreo-7241949.html?cgid=mercearias-bolachas-biscoitos-chocolate",
                                    "imagem": "https://www.continente.pt/dw/image/v2/BDVS_PRD/on/demandware.static/-/Sites-col-master-catalog/default/dw53bb2d90/images/col/724/7241949-frente.jpg?sw=280&sh=280"
                                },
                                {
                                    "marca": "Milka",
                                    "descricao": "Bolachas Cookies Mini Pepitas de Chocolate",
                                    "preco": "1,99€",
                                    "preco_antigo": null,
                                    "quantidade": "emb. 110 gr",
                                    "precoPorQuantidade": "18,09€/kg",
                                    "link": "https://www.continente.pt/produto/bolachas-cookies-mini-pepitas-de-chocolate-milka-7241948.html?cgid=mercearias-bolachas-biscoitos-chocolate",
                                    "imagem": "https://www.continente.pt/dw/image/v2/BDVS_PRD/on/demandware.static/-/Sites-col-master-catalog/default/dwa4569140/images/col/724/7241948-frente.jpg?sw=280&sh=280"
                                },
                                {
                                    "marca": "M&M's",
                                    "descricao": "Bolachas Cookies Double Chocolate",
                                    "preco": "3,29€",
                                    "preco_antigo": null,
                                    "quantidade": "emb. 180 gr",
                                    "precoPorQuantidade": "18,28€/kg",
                                    "link": "https://www.continente.pt/produto/bolachas-cookies-double-chocolate-m-ms-7422932.html?cgid=mercearias-bolachas-biscoitos-chocolate",
                                    "imagem": "https://www.continente.pt/dw/image/v2/BDVS_PRD/on/demandware.static/-/Sites-col-master-catalog/default/dw90e9ce32/images/col/742/7422932-frente.jpg?sw=280&sh=280"
                                },
                                {
                                    "marca": "Mars",
                                    "descricao": "Bolachas Cookies de Chocolate com Caramelo",
                                    "preco": "3,29€",
                                    "preco_antigo": null,
                                    "quantidade": "emb. 162 gr",
                                    "precoPorQuantidade": "20,31€/kg",
                                    "link": "https://www.continente.pt/produto/bolachas-cookies-de-chocolate-com-caramelo-mars-7422933.html?cgid=mercearias-bolachas-biscoitos-chocolate",
                                    "imagem": "https://www.continente.pt/dw/image/v2/BDVS_PRD/on/demandware.static/-/Sites-col-master-catalog/default/dw4d3f9856/images/col/742/7422933-frente.jpg?sw=280&sh=280"
                                },
                                {
                                    "marca": "Gullón",
                                    "descricao": "Bolachas Organic Cookies",
                                    "preco": "3,19€",
                                    "preco_antigo": null,
                                    "quantidade": "emb. 150 gr",
                                    "precoPorQuantidade": "21,27€/kg",
                                    "link": "https://www.continente.pt/produto/bolachas-organic-cookies-gullon-7251249.html?cgid=mercearias-bolachas-biscoitos-chocolate",
                                    "imagem": "https://www.continente.pt/dw/image/v2/BDVS_PRD/on/demandware.static/-/Sites-col-master-catalog/default/dwfa311c3b/images/col/725/7251249-frente.jpg?sw=280&sh=280"
                                },
                                {
                                    "marca": "Bahlsen",
                                    "descricao": "Bolachas Wafers com Chocolate de Leite Waffeletten",
                                    "preco": "2,19€",
                                    "preco_antigo": null,
                                    "quantidade": "emb. 100 gr",
                                    "precoPorQuantidade": "21,90€/kg",
                                    "link": "https://www.continente.pt/produto/bolachas-wafers-com-chocolate-de-leite-waffeletten-bahlsen-2005637.html?cgid=mercearias-bolachas-biscoitos-chocolate",
                                    "imagem": "https://www.continente.pt/dw/image/v2/BDVS_PRD/on/demandware.static/-/Sites-col-master-catalog/default/dwa0b3a9d4/images/col/200/2005637-frente.jpg?sw=280&sh=280"
                                },
                                {
                                    "marca": "Bahlsen",
                                    "descricao": "Bolachas Wafers com Chocolate Negro Waffeletten",
                                    "preco": "2,19€",
                                    "preco_antigo": null,
                                    "quantidade": "emb. 100 gr",
                                    "precoPorQuantidade": "21,90€/kg",
                                    "link": "https://www.continente.pt/produto/bolachas-wafers-com-chocolate-negro-waffeletten-bahlsen-4268213.html?cgid=mercearias-bolachas-biscoitos-chocolate",
                                    "imagem": "https://www.continente.pt/dw/image/v2/BDVS_PRD/on/demandware.static/-/Sites-col-master-catalog/default/dwc8631491/images/col/426/4268213-frente.jpg?sw=280&sh=280"
                                },
                                {
                                    "marca": "Chips Ahoy",
                                    "descricao": "Bolachas Cookies Pepitas de Chocolate Chips Ahoy",
                                    "preco": "0,89€",
                                    "preco_antigo": null,
                                    "quantidade": "emb. 40 gr",
                                    "precoPorQuantidade": "22,25€/kg",
                                    "link": "https://www.continente.pt/produto/bolachas-cookies-pepitas-de-chocolate-chips-ahoy-chips-ahoy-2408009.html?cgid=mercearias-bolachas-biscoitos-chocolate",
                                    "imagem": "https://www.continente.pt/dw/image/v2/BDVS_PRD/on/demandware.static/-/Sites-col-master-catalog/default/dw67646d8f/images/col/240/2408009-frente.jpg?sw=280&sh=280"
                                }
                            ]
                        },
                        {
                            "name": "Bolachas com Cobertura e Recheio",
                            "items": [
                                {
                                    "marca": "Continente",
                                    "descricao": "Bolachas Recheadas Cacau",
                                    "preco": "1,39€",
                                    "preco_antigo": null,
                                    "quantidade": "emb. 500 gr",
                                    "precoPorQuantidade": "2,78€/kg",
                                    "link": "https://www.continente.pt/produto/bolachas-recheadas-cacau-continente-4915129.html?cgid=mercearias-bolachas-biscoitos-recheio",
                                    "imagem": "https://www.continente.pt/dw/image/v2/BDVS_PRD/on/demandware.static/-/Sites-col-master-catalog/default/dw5be0f858/images/col/491/4915129-hero.jpg?sw=280&sh=280"
                                },
                                {
                                    "marca": "Continente",
                                    "descricao": "Bolachas com Recheio de Baunilha",
                                    "preco": "1,39€",
                                    "preco_antigo": null,
                                    "quantidade": "emb. 500 gr",
                                    "precoPorQuantidade": "2,78€/kg",
                                    "link": "https://www.continente.pt/produto/bolachas-com-recheio-de-baunilha-continente-5785793.html?cgid=mercearias-bolachas-biscoitos-recheio",
                                    "imagem": "https://www.continente.pt/dw/image/v2/BDVS_PRD/on/demandware.static/-/Sites-col-master-catalog/default/dwc6fe4df8/images/col/578/5785793-hero.jpg?sw=280&sh=280"
                                },
                                {
                                    "marca": "Continente",
                                    "descricao": "Bolachas com Recheio de Chocolate",
                                    "preco": "1,69€",
                                    "preco_antigo": null,
                                    "quantidade": "emb. 500 gr",
                                    "precoPorQuantidade": "3,38€/kg",
                                    "link": "https://www.continente.pt/produto/bolachas-com-recheio-de-chocolate-continente-7421306.html?cgid=mercearias-bolachas-biscoitos-recheio",
                                    "imagem": "https://www.continente.pt/dw/image/v2/BDVS_PRD/on/demandware.static/-/Sites-col-master-catalog/default/dw7268fab8/images/col/742/7421306-frente.jpg?sw=280&sh=280"
                                },
                                {
                                    "marca": "Gullón",
                                    "descricao": "Bolachas Recheadas com Cacau Mega Duo Duplo",
                                    "preco": "2,09€",
                                    "preco_antigo": null,
                                    "quantidade": "emb. 500 gr",
                                    "precoPorQuantidade": "4,18€/kg",
                                    "link": "https://www.continente.pt/produto/bolachas-recheadas-com-cacau-mega-duo-duplo-gullon-7264566.html?cgid=mercearias-bolachas-biscoitos-recheio",
                                    "imagem": "https://www.continente.pt/dw/image/v2/BDVS_PRD/on/demandware.static/-/Sites-col-master-catalog/default/dw6724baa0/images/col/726/7264566-frente.jpg?sw=280&sh=280"
                                },
                                {
                                    "marca": "Gullón",
                                    "descricao": "Bolachas Recheadas com Chocolate Mega Duo",
                                    "preco": "2,09€",
                                    "preco_antigo": null,
                                    "quantidade": "emb. 500 gr",
                                    "precoPorQuantidade": "4,18€/kg",
                                    "link": "https://www.continente.pt/produto/bolachas-recheadas-com-chocolate-mega-duo-gullon-4657187.html?cgid=mercearias-bolachas-biscoitos-recheio",
                                    "imagem": "https://www.continente.pt/dw/image/v2/BDVS_PRD/on/demandware.static/-/Sites-col-master-catalog/default/dw83a4303c/images/col/465/4657187-frente.jpg?sw=280&sh=280"
                                },
                                {
                                    "marca": "Gullón",
                                    "descricao": "Bolachas Recheadas com Baunilha Mega Duo",
                                    "preco": "2,09€",
                                    "preco_antigo": null,
                                    "quantidade": "emb. 500 gr",
                                    "precoPorQuantidade": "4,18€/kg",
                                    "link": "https://www.continente.pt/produto/bolachas-recheadas-com-baunilha-mega-duo-gullon-7264568.html?cgid=mercearias-bolachas-biscoitos-recheio",
                                    "imagem": "https://www.continente.pt/dw/image/v2/BDVS_PRD/on/demandware.static/-/Sites-col-master-catalog/default/dw15d9c6a5/images/col/726/7264568-frente.jpg?sw=280&sh=280"
                                },
                                {
                                    "marca": "Continente",
                                    "descricao": "Bolachas Recheadas Chocolate",
                                    "preco": "1,89€",
                                    "preco_antigo": "2,39€",
                                    "quantidade": "emb. 440 gr (10 un)",
                                    "precoPorQuantidade": "4,30€/kg",
                                    "link": "https://www.continente.pt/produto/bolachas-recheadas-chocolate-continente-7421305.html?cgid=mercearias-bolachas-biscoitos-recheio",
                                    "imagem": "https://www.continente.pt/dw/image/v2/BDVS_PRD/on/demandware.static/-/Sites-col-master-catalog/default/dw6f154a40/images/col/742/7421305-frente.jpg?sw=280&sh=280"
                                },
                                {
                                    "marca": "Continente",
                                    "descricao": "Bolachas Recheadas com Creme de Baunilha",
                                    "preco": "1,99€",
                                    "preco_antigo": null,
                                    "quantidade": "emb. 440 gr (10 un)",
                                    "precoPorQuantidade": "4,52€/kg",
                                    "link": "https://www.continente.pt/produto/bolachas-recheadas-com-creme-de-baunilha-continente-7402092.html?cgid=mercearias-bolachas-biscoitos-recheio",
                                    "imagem": "https://www.continente.pt/dw/image/v2/BDVS_PRD/on/demandware.static/-/Sites-col-master-catalog/default/dw32515e0f/images/col/740/7402092-frente.jpg?sw=280&sh=280"
                                },
                                {
                                    "marca": "Continente",
                                    "descricao": "Bolachas Soft Cake de Framboesa e Chocolate Negro",
                                    "preco": "1,39€",
                                    "preco_antigo": null,
                                    "quantidade": "emb. 300 gr",
                                    "precoPorQuantidade": "4,63€/kg",
                                    "link": "https://www.continente.pt/produto/bolachas-soft-cake-de-framboesa-e-chocolate-negro-continente-4088696.html?cgid=mercearias-bolachas-biscoitos-recheio",
                                    "imagem": "https://www.continente.pt/dw/image/v2/BDVS_PRD/on/demandware.static/-/Sites-col-master-catalog/default/dw1e0b0a1e/images/col/408/4088696-hero.jpg?sw=280&sh=280"
                                },
                                {
                                    "marca": "Continente",
                                    "descricao": "Bolachas Soft Cake de Laranja e Chocolate Negro",
                                    "preco": "1,39€",
                                    "preco_antigo": null,
                                    "quantidade": "emb. 300 gr (2 un)",
                                    "precoPorQuantidade": "4,63€/kg",
                                    "link": "https://www.continente.pt/produto/bolachas-soft-cake-de-laranja-e-chocolate-negro-continente-4088709.html?cgid=mercearias-bolachas-biscoitos-recheio",
                                    "imagem": "https://www.continente.pt/dw/image/v2/BDVS_PRD/on/demandware.static/-/Sites-col-master-catalog/default/dw130f88a6/images/col/408/4088709-hero.jpg?sw=280&sh=280"
                                },
                                {
                                    "marca": "Continente",
                                    "descricao": "Bolachas Wafers com Recheio de Baunilha",
                                    "preco": "1,19€",
                                    "preco_antigo": null,
                                    "quantidade": "emb. 250 gr",
                                    "precoPorQuantidade": "4,76€/kg",
                                    "link": "https://www.continente.pt/produto/bolachas-wafers-com-recheio-de-baunilha-continente-2062201.html?cgid=mercearias-bolachas-biscoitos-recheio",
                                    "imagem": "https://www.continente.pt/dw/image/v2/BDVS_PRD/on/demandware.static/-/Sites-col-master-catalog/default/dw47f3fa05/images/col/206/2062201-hero.jpg?sw=280&sh=280"
                                },
                                {
                                    "marca": "Continente",
                                    "descricao": "Bolachas Wafers com Recheio de Chocolate",
                                    "preco": "1,19€",
                                    "preco_antigo": null,
                                    "quantidade": "emb. 250 gr",
                                    "precoPorQuantidade": "4,76€/kg",
                                    "link": "https://www.continente.pt/produto/bolachas-wafers-com-recheio-de-chocolate-continente-2062185.html?cgid=mercearias-bolachas-biscoitos-recheio",
                                    "imagem": "https://www.continente.pt/dw/image/v2/BDVS_PRD/on/demandware.static/-/Sites-col-master-catalog/default/dw57e6ea14/images/col/206/2062185-hero.jpg?sw=280&sh=280"
                                },
                                {
                                    "marca": "Cuétara",
                                    "descricao": "Bolachas Recheadas Flakes",
                                    "preco": "2,39€",
                                    "preco_antigo": null,
                                    "quantidade": "emb. 500 gr",
                                    "precoPorQuantidade": "4,78€/kg",
                                    "link": "https://www.continente.pt/produto/bolachas-recheadas-flakes-cuetara-4522983.html?cgid=mercearias-bolachas-biscoitos-recheio",
                                    "imagem": "https://www.continente.pt/dw/image/v2/BDVS_PRD/on/demandware.static/-/Sites-col-master-catalog/default/dwe44ef9f7/images/col/452/4522983-esquerdo.jpg?sw=280&sh=280"
                                },
                                {
                                    "marca": "Gullón",
                                    "descricao": "Bolachas Magic Dibus com Recheio de Chocolate",
                                    "preco": "1,14€",
                                    "preco_antigo": null,
                                    "quantidade": "emb. 220 gr (5 un)",
                                    "precoPorQuantidade": "5,18€/kg",
                                    "link": "https://www.continente.pt/produto/bolachas-magic-dibus-com-recheio-de-chocolate-gullon-6956596.html?cgid=mercearias-bolachas-biscoitos-recheio",
                                    "imagem": "https://www.continente.pt/dw/image/v2/BDVS_PRD/on/demandware.static/-/Sites-col-master-catalog/default/dw5a964232/images/col/695/6956596-esquerdo.jpg?sw=280&sh=280"
                                },
                                {
                                    "marca": "Continente",
                                    "descricao": "Bolachas Argolinhas com Cobertura Chocolate Branco",
                                    "preco": "0,79€",
                                    "preco_antigo": null,
                                    "quantidade": "emb. 150 gr",
                                    "precoPorQuantidade": "5,27€/kg",
                                    "link": "https://www.continente.pt/produto/bolachas-argolinhas-com-cobertura-chocolate-branco-continente-4558629.html?cgid=mercearias-bolachas-biscoitos-recheio",
                                    "imagem": "https://www.continente.pt/dw/image/v2/BDVS_PRD/on/demandware.static/-/Sites-col-master-catalog/default/dw02ff4187/images/col/455/4558629-frente.jpg?sw=280&sh=280"
                                },
                                {
                                    "marca": "Continente",
                                    "descricao": "Bolachas Argolinhas com Cobertura Chocolate Negro",
                                    "preco": "0,79€",
                                    "preco_antigo": null,
                                    "quantidade": "emb. 150 gr",
                                    "precoPorQuantidade": "5,27€/kg",
                                    "link": "https://www.continente.pt/produto/bolachas-argolinhas-com-cobertura-chocolate-negro-continente-4558637.html?cgid=mercearias-bolachas-biscoitos-recheio",
                                    "imagem": "https://www.continente.pt/dw/image/v2/BDVS_PRD/on/demandware.static/-/Sites-col-master-catalog/default/dw5dd7e247/images/col/455/4558637-hero.jpg?sw=280&sh=280"
                                },
                                {
                                    "marca": "Continente",
                                    "descricao": "Bolachas Argolinhas com Cobertura Chocolate de Leite",
                                    "preco": "0,79€",
                                    "preco_antigo": null,
                                    "quantidade": "emb. 150 gr",
                                    "precoPorQuantidade": "5,27€/kg",
                                    "link": "https://www.continente.pt/produto/bolachas-argolinhas-com-cobertura-chocolate-de-leite-continente-4558632.html?cgid=mercearias-bolachas-biscoitos-recheio",
                                    "imagem": "https://www.continente.pt/dw/image/v2/BDVS_PRD/on/demandware.static/-/Sites-col-master-catalog/default/dw46954d62/images/col/455/4558632-hero.jpg?sw=280&sh=280"
                                },
                                {
                                    "marca": "Continente",
                                    "descricao": "Bolachas Wafers Chocolate e Avelã",
                                    "preco": "0,95€",
                                    "preco_antigo": null,
                                    "quantidade": "emb. 180 gr (3 un)",
                                    "precoPorQuantidade": "5,28€/kg",
                                    "link": "https://www.continente.pt/produto/bolachas-wafers-chocolate-e-avela-continente-7382287.html?cgid=mercearias-bolachas-biscoitos-recheio",
                                    "imagem": "https://www.continente.pt/dw/image/v2/BDVS_PRD/on/demandware.static/-/Sites-col-master-catalog/default/dwa08fc00a/images/col/738/7382287-frente.jpg?sw=280&sh=280"
                                },
                                {
                                    "marca": "Gullón",
                                    "descricao": "Bolachas Magic Dibus Mix & Go com Recheio de Chocolate",
                                    "preco": "1,14€",
                                    "preco_antigo": null,
                                    "quantidade": "emb. 208 gr (5 un)",
                                    "precoPorQuantidade": "5,48€/kg",
                                    "link": "https://www.continente.pt/produto/bolachas-magic-dibus-mix-go-com-recheio-de-chocolate-gullon-7501512.html?cgid=mercearias-bolachas-biscoitos-recheio",
                                    "imagem": "https://www.continente.pt/dw/image/v2/BDVS_PRD/on/demandware.static/-/Sites-col-master-catalog/default/dwce85ce0b/images/col/750/7501512-direito.jpg?sw=280&sh=280"
                                },
                                {
                                    "marca": "Cuétara",
                                    "descricao": "Bolachas Recheadas Choco Flakes Duo",
                                    "preco": "2,39€",
                                    "preco_antigo": null,
                                    "quantidade": "emb. 420 gr",
                                    "precoPorQuantidade": "5,69€/kg",
                                    "link": "https://www.continente.pt/produto/bolachas-recheadas-choco-flakes-duo-cuetara-7528060.html?cgid=mercearias-bolachas-biscoitos-recheio",
                                    "imagem": "https://www.continente.pt/dw/image/v2/BDVS_PRD/on/demandware.static/-/Sites-col-master-catalog/default/dwa9e25200/images/col/752/7528060-direito.jpg?sw=280&sh=280"
                                },
                                {
                                    "marca": "Continente",
                                    "descricao": "Bolachas Recheadas Cacau e Baunilha",
                                    "preco": "1,29€",
                                    "preco_antigo": null,
                                    "quantidade": "emb. 220 gr (5 un)",
                                    "precoPorQuantidade": "5,86€/kg",
                                    "link": "https://www.continente.pt/produto/bolachas-recheadas-cacau-e-baunilha-continente-7402091.html?cgid=mercearias-bolachas-biscoitos-recheio",
                                    "imagem": "https://www.continente.pt/dw/image/v2/BDVS_PRD/on/demandware.static/-/Sites-col-master-catalog/default/dw09a0d9a8/images/col/740/7402091-frente.jpg?sw=280&sh=280"
                                },
                                {
                                    "marca": "Continente",
                                    "descricao": "Bolachas Roscas de Chocolate e Amêndoa",
                                    "preco": "1,79€",
                                    "preco_antigo": null,
                                    "quantidade": "emb. 300 gr",
                                    "precoPorQuantidade": "5,97€/kg",
                                    "link": "https://www.continente.pt/produto/bolachas-roscas-de-chocolate-e-amendoa-continente-7195545.html?cgid=mercearias-bolachas-biscoitos-recheio",
                                    "imagem": "https://www.continente.pt/dw/image/v2/BDVS_PRD/on/demandware.static/-/Sites-col-master-catalog/default/dwbb058599/images/col/719/7195545-frente.jpg?sw=280&sh=280"
                                },
                                {
                                    "marca": "Cuétara",
                                    "descricao": "Bolachas Recheadas Choco Flakes",
                                    "preco": "2,99€",
                                    "preco_antigo": null,
                                    "quantidade": "emb. 500 gr",
                                    "precoPorQuantidade": "5,98€/kg",
                                    "link": "https://www.continente.pt/produto/bolachas-recheadas-choco-flakes-cuetara-2601427.html?cgid=mercearias-bolachas-biscoitos-recheio",
                                    "imagem": "https://www.continente.pt/dw/image/v2/BDVS_PRD/on/demandware.static/-/Sites-col-master-catalog/default/dwfb49c766/images/col/260/2601427-esquerdo.jpg?sw=280&sh=280"
                                },
                                {
                                    "marca": "Continente",
                                    "descricao": "Bolachas de Chocolate com Recheio de Creme",
                                    "preco": "0,99€",
                                    "preco_antigo": null,
                                    "quantidade": "emb. 154 gr",
                                    "precoPorQuantidade": "6,43€/kg",
                                    "link": "https://www.continente.pt/produto/bolachas-de-chocolate-com-recheio-de-creme-continente-7421304.html?cgid=mercearias-bolachas-biscoitos-recheio",
                                    "imagem": "https://www.continente.pt/dw/image/v2/BDVS_PRD/on/demandware.static/-/Sites-col-master-catalog/default/dwa48b4e58/images/col/742/7421304-frente.jpg?sw=280&sh=280"
                                },
                                {
                                    "marca": "Continente",
                                    "descricao": "Bolachas com Recheio de Chocolate",
                                    "preco": "0,99€",
                                    "preco_antigo": null,
                                    "quantidade": "emb. 154 gr",
                                    "precoPorQuantidade": "6,43€/kg",
                                    "link": "https://www.continente.pt/produto/bolachas-com-recheio-de-chocolate-continente-7421307.html?cgid=mercearias-bolachas-biscoitos-recheio",
                                    "imagem": "https://www.continente.pt/dw/image/v2/BDVS_PRD/on/demandware.static/-/Sites-col-master-catalog/default/dwa0bb1005/images/col/742/7421307-frente.jpg?sw=280&sh=280"
                                },
                                {
                                    "marca": "Prince",
                                    "descricao": "Bolachas Sandwich Chocolate",
                                    "preco": "1,99€",
                                    "preco_antigo": null,
                                    "quantidade": "emb. 300 gr",
                                    "precoPorQuantidade": "6,63€/kg",
                                    "link": "https://www.continente.pt/produto/bolachas-sandwich-chocolate-prince-7335932.html?cgid=mercearias-bolachas-biscoitos-recheio",
                                    "imagem": "https://www.continente.pt/dw/image/v2/BDVS_PRD/on/demandware.static/-/Sites-col-master-catalog/default/dwcc7d6ba8/images/col/733/7335932-frente.jpg?sw=280&sh=280"
                                },
                                {
                                    "marca": "Oreo",
                                    "descricao": "Bolachas de Chocolate com Recheio de Creme",
                                    "preco": "1,04€",
                                    "preco_antigo": null,
                                    "quantidade": "emb. 154 gr",
                                    "precoPorQuantidade": "6,75€/kg",
                                    "link": "https://www.continente.pt/produto/bolachas-de-chocolate-com-recheio-de-creme-oreo-4288821.html?cgid=mercearias-bolachas-biscoitos-recheio",
                                    "imagem": "https://www.continente.pt/dw/image/v2/BDVS_PRD/on/demandware.static/-/Sites-col-master-catalog/default/dwe3e3dd46/images/col/428/4288821-frente.jpg?sw=280&sh=280"
                                },
                                {
                                    "marca": "Gullón",
                                    "descricao": "Bolachas Dibus Magic Cobertas com Chocolate de Leite",
                                    "preco": "1,64€",
                                    "preco_antigo": null,
                                    "quantidade": "emb. 240 gr (6 un)",
                                    "precoPorQuantidade": "6,83€/kg",
                                    "link": "https://www.continente.pt/produto/bolachas-dibus-magic-cobertas-com-chocolate-de-leite-gullon-7213882.html?cgid=mercearias-bolachas-biscoitos-recheio",
                                    "imagem": "https://www.continente.pt/dw/image/v2/BDVS_PRD/on/demandware.static/-/Sites-col-master-catalog/default/dw5af8f1ab/images/col/721/7213882-frente.jpg?sw=280&sh=280"
                                },
                                {
                                    "marca": "Oreo",
                                    "descricao": "Bolachas de Chocolate com Recheio Brownie",
                                    "preco": "1,09€",
                                    "preco_antigo": null,
                                    "quantidade": "emb. 154 gr",
                                    "precoPorQuantidade": "7,08€/kg",
                                    "link": "https://www.continente.pt/produto/bolachas-de-chocolate-com-recheio-brownie-oreo-6290306.html?cgid=mercearias-bolachas-biscoitos-recheio",
                                    "imagem": "https://www.continente.pt/dw/image/v2/BDVS_PRD/on/demandware.static/-/Sites-col-master-catalog/default/dwd72d2576/images/col/629/6290306-frente.jpg?sw=280&sh=280"
                                },
                                {
                                    "marca": "Oreo",
                                    "descricao": "Bolachas de Chocolate com Recheio de Cheesecake de Morango",
                                    "preco": "1,09€",
                                    "preco_antigo": null,
                                    "quantidade": "emb. 154 gr",
                                    "precoPorQuantidade": "7,08€/kg",
                                    "link": "https://www.continente.pt/produto/bolachas-de-chocolate-com-recheio-de-cheesecake-de-morango-oreo-5888631.html?cgid=mercearias-bolachas-biscoitos-recheio",
                                    "imagem": "https://www.continente.pt/dw/image/v2/BDVS_PRD/on/demandware.static/-/Sites-col-master-catalog/default/dw06202879/images/col/588/5888631-frente.jpg?sw=280&sh=280"
                                },
                                {
                                    "marca": "Oreo",
                                    "descricao": "Bolachas de Chocolate com Recheio de Creme e Pepitas Coloridas Birthday Party",
                                    "preco": "1,09€",
                                    "preco_antigo": null,
                                    "quantidade": "emb. 154 gr",
                                    "precoPorQuantidade": "7,08€/kg",
                                    "link": "https://www.continente.pt/produto/bolachas-de-chocolate-com-recheio-de-creme-e-pepitas-coloridas-birthday-party-oreo-6515409.html?cgid=mercearias-bolachas-biscoitos-recheio",
                                    "imagem": "https://www.continente.pt/dw/image/v2/BDVS_PRD/on/demandware.static/-/Sites-col-master-catalog/default/dw42bad43a/images/col/651/6515409-frente.jpg?sw=280&sh=280"
                                },
                                {
                                    "marca": "Oreo",
                                    "descricao": "Bolachas Golden Recheio de Creme",
                                    "preco": "1,09€",
                                    "preco_antigo": null,
                                    "quantidade": "emb. 154 gr",
                                    "precoPorQuantidade": "7,08€/kg",
                                    "link": "https://www.continente.pt/produto/bolachas-golden-recheio-de-creme-oreo-5597483.html?cgid=mercearias-bolachas-biscoitos-recheio",
                                    "imagem": "https://www.continente.pt/dw/image/v2/BDVS_PRD/on/demandware.static/-/Sites-col-master-catalog/default/dw241fe36f/images/col/559/5597483-frente.jpg?sw=280&sh=280"
                                },
                                {
                                    "marca": "Continente",
                                    "descricao": "Bolacha Chocolate Recheio Leite",
                                    "preco": "1,69€",
                                    "preco_antigo": null,
                                    "quantidade": "emb. 235 gr (6 un)",
                                    "precoPorQuantidade": "7,19€/kg",
                                    "link": "https://www.continente.pt/produto/bolacha-chocolate-recheio-leite-continente-7334334.html?cgid=mercearias-bolachas-biscoitos-recheio",
                                    "imagem": "https://www.continente.pt/dw/image/v2/BDVS_PRD/on/demandware.static/-/Sites-col-master-catalog/default/dw35527e1e/images/col/733/7334334-hero.jpg?sw=280&sh=280"
                                },
                                {
                                    "marca": "Continente",
                                    "descricao": "Tarteletes Chocolate de Avelã",
                                    "preco": "1,09€",
                                    "preco_antigo": null,
                                    "quantidade": "emb. 150 gr",
                                    "precoPorQuantidade": "7,27€/kg",
                                    "link": "https://www.continente.pt/produto/tarteletes-chocolate-de-avela-continente-2556457.html?cgid=mercearias-bolachas-biscoitos-recheio",
                                    "imagem": "https://www.continente.pt/dw/image/v2/BDVS_PRD/on/demandware.static/-/Sites-col-master-catalog/default/dwd8b36923/images/col/255/2556457-hero.jpg?sw=280&sh=280"
                                },
                                {
                                    "marca": "Continente",
                                    "descricao": "Tarteletes de Morango",
                                    "preco": "1,09€",
                                    "preco_antigo": null,
                                    "quantidade": "emb. 150 gr",
                                    "precoPorQuantidade": "7,27€/kg",
                                    "link": "https://www.continente.pt/produto/tarteletes-de-morango-continente-4793081.html?cgid=mercearias-bolachas-biscoitos-recheio",
                                    "imagem": "https://www.continente.pt/dw/image/v2/BDVS_PRD/on/demandware.static/-/Sites-col-master-catalog/default/dwc2cc26e9/images/col/479/4793081-hero.jpg?sw=280&sh=280"
                                },
                                {
                                    "marca": "Cuétara",
                                    "descricao": "Bolachas com Recheio de Leite e Cacau Tosta Rica Choco Guay",
                                    "preco": "1,24€",
                                    "preco_antigo": null,
                                    "quantidade": "emb. 168 gr (4 un)",
                                    "precoPorQuantidade": "7,38€/kg",
                                    "link": "https://www.continente.pt/produto/bolachas-com-recheio-de-leite-e-cacau-tosta-rica-choco-guay-cuetara-2384858.html?cgid=mercearias-bolachas-biscoitos-recheio",
                                    "imagem": "https://www.continente.pt/dw/image/v2/BDVS_PRD/on/demandware.static/-/Sites-col-master-catalog/default/dw84c29bfa/images/col/238/2384858-frente.jpg?sw=280&sh=280"
                                },
                                {
                                    "marca": "Continente",
                                    "descricao": "Bolachas Recheadas de Chocolate sem Açúcar",
                                    "preco": "1,19€",
                                    "preco_antigo": null,
                                    "quantidade": "emb. 154 gr",
                                    "precoPorQuantidade": "7,73€/kg",
                                    "link": "https://www.continente.pt/produto/bolachas-recheadas-de-chocolate-sem-acucar-continente-7164459.html?cgid=mercearias-bolachas-biscoitos-recheio",
                                    "imagem": "https://www.continente.pt/dw/image/v2/BDVS_PRD/on/demandware.static/-/Sites-col-master-catalog/default/dw824b16ca/images/col/716/7164459-frente.jpg?sw=280&sh=280"
                                },
                                {
                                    "marca": "Filipinos",
                                    "descricao": "Bolachas com Cobertura de Chocolate de Leite",
                                    "preco": "0,99€",
                                    "preco_antigo": null,
                                    "quantidade": "emb. 128 gr",
                                    "precoPorQuantidade": "7,73€/kg",
                                    "link": "https://www.continente.pt/produto/bolachas-com-cobertura-de-chocolate-de-leite-filipinos-7465321.html?cgid=mercearias-bolachas-biscoitos-recheio",
                                    "imagem": "https://www.continente.pt/dw/image/v2/BDVS_PRD/on/demandware.static/-/Sites-col-master-catalog/default/dwc6822da2/images/col/746/7465321-frente.jpg?sw=280&sh=280"
                                },
                                {
                                    "marca": "Filipinos",
                                    "descricao": "Bolachas com Cobertura de Chocolate Negro",
                                    "preco": "0,99€",
                                    "preco_antigo": null,
                                    "quantidade": "emb. 128 gr",
                                    "precoPorQuantidade": "7,73€/kg",
                                    "link": "https://www.continente.pt/produto/bolachas-com-cobertura-de-chocolate-negro-filipinos-7465320.html?cgid=mercearias-bolachas-biscoitos-recheio",
                                    "imagem": "https://www.continente.pt/dw/image/v2/BDVS_PRD/on/demandware.static/-/Sites-col-master-catalog/default/dwba6bede5/images/col/746/7465320-frente.jpg?sw=280&sh=280"
                                },
                                {
                                    "marca": "Filipinos",
                                    "descricao": "Bolachas com Cobertura de Caramelo",
                                    "preco": "0,99€",
                                    "preco_antigo": null,
                                    "quantidade": "emb. 128 gr",
                                    "precoPorQuantidade": "7,73€/kg",
                                    "link": "https://www.continente.pt/produto/bolachas-com-cobertura-de-caramelo-filipinos-7465070.html?cgid=mercearias-bolachas-biscoitos-recheio",
                                    "imagem": "https://www.continente.pt/dw/image/v2/BDVS_PRD/on/demandware.static/-/Sites-col-master-catalog/default/dw506f151d/images/col/746/7465070-frente.jpg?sw=280&sh=280"
                                },
                                {
                                    "marca": "Filipinos",
                                    "descricao": "Bolachas com Cobertura de Chocolate Branco",
                                    "preco": "0,99€",
                                    "preco_antigo": null,
                                    "quantidade": "emb. 128 gr",
                                    "precoPorQuantidade": "7,73€/kg",
                                    "link": "https://www.continente.pt/produto/bolachas-com-cobertura-de-chocolate-branco-filipinos-7465325.html?cgid=mercearias-bolachas-biscoitos-recheio",
                                    "imagem": "https://www.continente.pt/dw/image/v2/BDVS_PRD/on/demandware.static/-/Sites-col-master-catalog/default/dw4807b5f9/images/col/746/7465325-frente.jpg?sw=280&sh=280"
                                },
                                {
                                    "marca": "Artiach",
                                    "descricao": "Bolachas Cobertas Frutos Vermelhos Filipinos",
                                    "preco": "0,99€",
                                    "preco_antigo": null,
                                    "quantidade": "emb. 128 gr",
                                    "precoPorQuantidade": "7,73€/kg",
                                    "link": "https://www.continente.pt/produto/bolachas-cobertas-frutos-vermelhos-filipinos-artiach-7422929.html?cgid=mercearias-bolachas-biscoitos-recheio",
                                    "imagem": "https://www.continente.pt/dw/image/v2/BDVS_PRD/on/demandware.static/-/Sites-col-master-catalog/default/dw117dc40e/images/col/742/7422929-frente.jpg?sw=280&sh=280"
                                },
                                {
                                    "marca": "Continente",
                                    "descricao": "Palitos de Chocolate Branco",
                                    "preco": "1,19€",
                                    "preco_antigo": null,
                                    "quantidade": "emb. 150 gr",
                                    "precoPorQuantidade": "7,93€/kg",
                                    "link": "https://www.continente.pt/produto/palitos-de-chocolate-branco-continente-4335572.html?cgid=mercearias-bolachas-biscoitos-recheio",
                                    "imagem": "https://www.continente.pt/dw/image/v2/BDVS_PRD/on/demandware.static/-/Sites-col-master-catalog/default/dwe04369ac/images/col/433/4335572-hero.jpg?sw=280&sh=280"
                                },
                                {
                                    "marca": "Continente",
                                    "descricao": "Bolachas Recheio de Leite Cobertura de Chocolate",
                                    "preco": "1,19€",
                                    "preco_antigo": null,
                                    "quantidade": "emb. 150 gr",
                                    "precoPorQuantidade": "7,93€/kg",
                                    "link": "https://www.continente.pt/produto/bolachas-recheio-de-leite-cobertura-de-chocolate-continente-4384546.html?cgid=mercearias-bolachas-biscoitos-recheio",
                                    "imagem": "https://www.continente.pt/dw/image/v2/BDVS_PRD/on/demandware.static/-/Sites-col-master-catalog/default/dw36968f6c/images/col/438/4384546-hero.jpg?sw=280&sh=280"
                                },
                                {
                                    "marca": "Continente",
                                    "descricao": "Bolachas Cobertas Chocolate de Leite",
                                    "preco": "1,19€",
                                    "preco_antigo": null,
                                    "quantidade": "emb. 150 gr",
                                    "precoPorQuantidade": "7,93€/kg",
                                    "link": "https://www.continente.pt/produto/bolachas-cobertas-chocolate-de-leite-continente-7371366.html?cgid=mercearias-bolachas-biscoitos-recheio",
                                    "imagem": "https://www.continente.pt/dw/image/v2/BDVS_PRD/on/demandware.static/-/Sites-col-master-catalog/default/dw67c1d0f5/images/col/737/7371366-frente.jpg?sw=280&sh=280"
                                },
                                {
                                    "marca": "Continente",
                                    "descricao": "Bolachas Cobertas Chocolate Negro",
                                    "preco": "1,19€",
                                    "preco_antigo": null,
                                    "quantidade": "emb. 150 gr",
                                    "precoPorQuantidade": "7,93€/kg",
                                    "link": "https://www.continente.pt/produto/bolachas-cobertas-chocolate-negro-continente-7371367.html?cgid=mercearias-bolachas-biscoitos-recheio",
                                    "imagem": "https://www.continente.pt/dw/image/v2/BDVS_PRD/on/demandware.static/-/Sites-col-master-catalog/default/dw3ec8c7e6/images/col/737/7371367-frente.jpg?sw=280&sh=280"
                                },
                                {
                                    "marca": "Continente",
                                    "descricao": "Bolachas Cobertas Chocolate Branco",
                                    "preco": "1,19€",
                                    "preco_antigo": null,
                                    "quantidade": "emb. 150 gr",
                                    "precoPorQuantidade": "7,93€/kg",
                                    "link": "https://www.continente.pt/produto/bolachas-cobertas-chocolate-branco-continente-7371355.html?cgid=mercearias-bolachas-biscoitos-recheio",
                                    "imagem": "https://www.continente.pt/dw/image/v2/BDVS_PRD/on/demandware.static/-/Sites-col-master-catalog/default/dw2b6b937c/images/col/737/7371355-frente.jpg?sw=280&sh=280"
                                },
                                {
                                    "marca": "Continente",
                                    "descricao": "Palitos de Chocolate de Leite",
                                    "preco": "1,19€",
                                    "preco_antigo": null,
                                    "quantidade": "emb. 150 gr",
                                    "precoPorQuantidade": "7,93€/kg",
                                    "link": "https://www.continente.pt/produto/palitos-de-chocolate-de-leite-continente-5183170.html?cgid=mercearias-bolachas-biscoitos-recheio",
                                    "imagem": "https://www.continente.pt/dw/image/v2/BDVS_PRD/on/demandware.static/-/Sites-col-master-catalog/default/dwdf1a5827/images/col/518/5183170-hero.jpg?sw=280&sh=280"
                                },
                                {
                                    "marca": "Prince",
                                    "descricao": "Bolachas Mini Diver com Recheio de Chocolate",
                                    "preco": "1,49€",
                                    "preco_antigo": null,
                                    "quantidade": "emb. 178 gr (5 un)",
                                    "precoPorQuantidade": "8,37€/kg",
                                    "link": "https://www.continente.pt/produto/bolachas-mini-diver-com-recheio-de-chocolate-prince-7156927.html?cgid=mercearias-bolachas-biscoitos-recheio",
                                    "imagem": "https://www.continente.pt/dw/image/v2/BDVS_PRD/on/demandware.static/-/Sites-col-master-catalog/default/dw31d4f7fa/images/col/715/7156927-esquerdo.jpg?sw=280&sh=280"
                                },
                                {
                                    "marca": "Cuétara",
                                    "descricao": "Bolachas Choco Flakes Callejeros",
                                    "preco": "2,14€",
                                    "preco_antigo": null,
                                    "quantidade": "emb. 250 gr (5 un)",
                                    "precoPorQuantidade": "8,56€/kg",
                                    "link": "https://www.continente.pt/produto/bolachas-choco-flakes-callejeros-cuetara-4417066.html?cgid=mercearias-bolachas-biscoitos-recheio",
                                    "imagem": "https://www.continente.pt/dw/image/v2/BDVS_PRD/on/demandware.static/-/Sites-col-master-catalog/default/dw61bf79e8/images/col/441/4417066-frente.jpg?sw=280&sh=280"
                                },
                                {
                                    "marca": "Gullón",
                                    "descricao": "Bolachas Vitalday com Recheio de Avelã",
                                    "preco": "1,94€",
                                    "preco_antigo": null,
                                    "quantidade": "emb. 220 gr (5 un)",
                                    "precoPorQuantidade": "8,82€/kg",
                                    "link": "https://www.continente.pt/produto/bolachas-vitalday-com-recheio-de-avela-gullon-5512094.html?cgid=mercearias-bolachas-biscoitos-recheio",
                                    "imagem": "https://www.continente.pt/dw/image/v2/BDVS_PRD/on/demandware.static/-/Sites-col-master-catalog/default/dw32ac1145/images/col/551/5512094-cima.jpg?sw=280&sh=280"
                                },
                                {
                                    "marca": "Oreo",
                                    "descricao": "Bolachas de Chocolate com Recheio de Creme",
                                    "preco": "1,99€",
                                    "preco_antigo": null,
                                    "quantidade": "emb. 220 gr (5 un)",
                                    "precoPorQuantidade": "9,05€/kg",
                                    "link": "https://www.continente.pt/produto/bolachas-de-chocolate-com-recheio-de-creme-oreo-5247119.html?cgid=mercearias-bolachas-biscoitos-recheio",
                                    "imagem": "https://www.continente.pt/dw/image/v2/BDVS_PRD/on/demandware.static/-/Sites-col-master-catalog/default/dw35786c51/images/col/524/5247119-frente.jpg?sw=280&sh=280"
                                },
                                {
                                    "marca": "Oreo",
                                    "descricao": "Bolachas de Chocolate com Recheio de Creme",
                                    "preco": "3,99€",
                                    "preco_antigo": null,
                                    "quantidade": "emb. 440 gr (10 un)",
                                    "precoPorQuantidade": "9,07€/kg",
                                    "link": "https://www.continente.pt/produto/bolachas-de-chocolate-com-recheio-de-creme-oreo-5058932.html?cgid=mercearias-bolachas-biscoitos-recheio",
                                    "imagem": "https://www.continente.pt/dw/image/v2/BDVS_PRD/on/demandware.static/-/Sites-col-master-catalog/default/dwb56b4593/images/col/505/5058932-frente.jpg?sw=280&sh=280"
                                },
                                {
                                    "marca": "Oreo",
                                    "descricao": "Bolachas Recheadas Duplo Creme",
                                    "preco": "1,69€",
                                    "preco_antigo": null,
                                    "quantidade": "emb. 185 gr",
                                    "precoPorQuantidade": "9,14€/kg",
                                    "link": "https://www.continente.pt/produto/bolachas-recheadas-duplo-creme-oreo-4693143.html?cgid=mercearias-bolachas-biscoitos-recheio",
                                    "imagem": "https://www.continente.pt/dw/image/v2/BDVS_PRD/on/demandware.static/-/Sites-col-master-catalog/default/dw671b4948/images/col/469/4693143-frente.jpg?sw=280&sh=280"
                                },
                                {
                                    "marca": "Prince",
                                    "descricao": "Bolachas Mini",
                                    "preco": "1,49€",
                                    "preco_antigo": null,
                                    "quantidade": "emb. 160 gr (4 un)",
                                    "precoPorQuantidade": "9,31€/kg",
                                    "link": "https://www.continente.pt/produto/bolachas-mini-prince-6823764.html?cgid=mercearias-bolachas-biscoitos-recheio",
                                    "imagem": "https://www.continente.pt/dw/image/v2/BDVS_PRD/on/demandware.static/-/Sites-col-master-catalog/default/dw00f6ea46/images/col/682/6823764-cima.jpg?sw=280&sh=280"
                                },
                                {
                                    "marca": "Oreo",
                                    "descricao": "Bolachas com Recheio de Framboesa Baunilha Remix",
                                    "preco": "1,49€",
                                    "preco_antigo": null,
                                    "quantidade": "emb. 157 gr",
                                    "precoPorQuantidade": "9,49€/kg",
                                    "link": "https://www.continente.pt/produto/bolachas-com-recheio-de-framboesa--baunilha-remix-oreo-7499721.html?cgid=mercearias-bolachas-biscoitos-recheio",
                                    "imagem": "https://www.continente.pt/dw/image/v2/BDVS_PRD/on/demandware.static/-/Sites-col-master-catalog/default/dwa4945077/images/col/749/7499721-frente.jpg?sw=280&sh=280"
                                },
                                {
                                    "marca": "Oreo",
                                    "descricao": "Bolachas com Recheio de Caramelo e Baunilha Remix",
                                    "preco": "1,49€",
                                    "preco_antigo": null,
                                    "quantidade": "emb. 157 gr",
                                    "precoPorQuantidade": "9,49€/kg",
                                    "link": "https://www.continente.pt/produto/bolachas-com-recheio-de-caramelo-e-baunilha-remix-oreo-7499719.html?cgid=mercearias-bolachas-biscoitos-recheio",
                                    "imagem": "https://www.continente.pt/dw/image/v2/BDVS_PRD/on/demandware.static/-/Sites-col-master-catalog/default/dwa5b52887/images/col/749/7499719-frente.jpg?sw=280&sh=280"
                                },
                                {
                                    "marca": "Prince",
                                    "descricao": "Bolachas Mini Estrelas Chocolate Branco",
                                    "preco": "1,79€",
                                    "preco_antigo": null,
                                    "quantidade": "emb. 187 gr (5 un)",
                                    "precoPorQuantidade": "9,57€/kg",
                                    "link": "https://www.continente.pt/produto/bolachas-mini-estrelas-chocolate-branco-prince-6823765.html?cgid=mercearias-bolachas-biscoitos-recheio",
                                    "imagem": "https://www.continente.pt/dw/image/v2/BDVS_PRD/on/demandware.static/-/Sites-col-master-catalog/default/dwa5a6665e/images/col/682/6823765-cima.jpg?sw=280&sh=280"
                                },
                                {
                                    "marca": "Prince",
                                    "descricao": "Bolachas Mini Estrelas Chocolate de Leite",
                                    "preco": "1,79€",
                                    "preco_antigo": null,
                                    "quantidade": "emb. 187 gr (5 un)",
                                    "precoPorQuantidade": "9,57€/kg",
                                    "link": "https://www.continente.pt/produto/bolachas-mini-estrelas-chocolate-de-leite-prince-6823766.html?cgid=mercearias-bolachas-biscoitos-recheio",
                                    "imagem": "https://www.continente.pt/dw/image/v2/BDVS_PRD/on/demandware.static/-/Sites-col-master-catalog/default/dwc4be2983/images/col/682/6823766-cima.jpg?sw=280&sh=280"
                                },
                                {
                                    "marca": "McVitie's",
                                    "descricao": "Bolachas Fruit & Form de Maçã e Canela",
                                    "preco": "2,09€",
                                    "preco_antigo": null,
                                    "quantidade": "emb. 218 gr (5 un)",
                                    "precoPorQuantidade": "9,59€/kg",
                                    "link": "https://www.continente.pt/produto/bolachas-fruit-form-de-maca-e-canela-mcvities-5341639.html?cgid=mercearias-bolachas-biscoitos-recheio",
                                    "imagem": "https://www.continente.pt/dw/image/v2/BDVS_PRD/on/demandware.static/-/Sites-col-master-catalog/default/dw3888a81a/images/col/534/5341639-frente.jpg?sw=280&sh=280"
                                },
                                {
                                    "marca": "McVitie's",
                                    "descricao": "Bolachas Fruit & Form de Frutos do Bosque",
                                    "preco": "2,09€",
                                    "preco_antigo": null,
                                    "quantidade": "emb. 218 gr (5 un)",
                                    "precoPorQuantidade": "9,59€/kg",
                                    "link": "https://www.continente.pt/produto/bolachas-fruit-form-de-frutos-do-bosque-mcvities-5341627.html?cgid=mercearias-bolachas-biscoitos-recheio",
                                    "imagem": "https://www.continente.pt/dw/image/v2/BDVS_PRD/on/demandware.static/-/Sites-col-master-catalog/default/dw553e11d5/images/col/534/5341627-frente.jpg?sw=280&sh=280"
                                },
                                {
                                    "marca": "Artiach",
                                    "descricao": "Bolachas Dinossauros de Chocolate de Leite",
                                    "preco": "3,29€",
                                    "preco_antigo": null,
                                    "quantidade": "emb. 340 gr (8 un)",
                                    "precoPorQuantidade": "9,68€/kg",
                                    "link": "https://www.continente.pt/produto/bolachas-dinossauros-de-chocolate-de-leite-artiach-5577553.html?cgid=mercearias-bolachas-biscoitos-recheio",
                                    "imagem": "https://www.continente.pt/dw/image/v2/BDVS_PRD/on/demandware.static/-/Sites-col-master-catalog/default/dw6ba8d813/images/col/557/5577553-esquerdo.jpg?sw=280&sh=280"
                                },
                                {
                                    "marca": "Milka",
                                    "descricao": "Bolachas Choco Minis Leite",
                                    "preco": "1,84€",
                                    "preco_antigo": null,
                                    "quantidade": "emb. 185 gr (5 un)",
                                    "precoPorQuantidade": "9,95€/kg",
                                    "link": "https://www.continente.pt/produto/bolachas-choco-minis-leite-milka-4635713.html?cgid=mercearias-bolachas-biscoitos-recheio",
                                    "imagem": "https://www.continente.pt/dw/image/v2/BDVS_PRD/on/demandware.static/-/Sites-col-master-catalog/default/dwe42aa393/images/col/463/4635713-direito.jpg?sw=280&sh=280"
                                },
                                {
                                    "marca": "Saborosa",
                                    "descricao": "Bolachas Belgas Cobertas com Chocolate",
                                    "preco": "1,99€",
                                    "preco_antigo": null,
                                    "quantidade": "emb. 198 gr (6 un)",
                                    "precoPorQuantidade": "10,05€/kg",
                                    "link": "https://www.continente.pt/produto/bolachas-belgas-cobertas-com-chocolate-saborosa-5638662.html?cgid=mercearias-bolachas-biscoitos-recheio",
                                    "imagem": "https://www.continente.pt/dw/image/v2/BDVS_PRD/on/demandware.static/-/Sites-col-master-catalog/default/dw3a278045/images/col/563/5638662-direito.jpg?sw=280&sh=280"
                                },
                                {
                                    "marca": "Gullón",
                                    "descricao": "Bolachas Recheadas com Chocolate Diet Nature",
                                    "preco": "2,59€",
                                    "preco_antigo": null,
                                    "quantidade": "emb. 250 gr",
                                    "precoPorQuantidade": "10,36€/kg",
                                    "link": "https://www.continente.pt/produto/bolachas-recheadas-com-chocolate-diet-nature-gullon-5017343.html?cgid=mercearias-bolachas-biscoitos-recheio",
                                    "imagem": "https://www.continente.pt/dw/image/v2/BDVS_PRD/on/demandware.static/-/Sites-col-master-catalog/default/dw641f93d7/images/col/501/5017343-direito.jpg?sw=280&sh=280"
                                },
                                {
                                    "marca": "Daelmans",
                                    "descricao": "Bolachas Recheadas com Caramelo",
                                    "preco": "2,39€",
                                    "preco_antigo": null,
                                    "quantidade": "emb. 230 gr",
                                    "precoPorQuantidade": "10,39€/kg",
                                    "link": "https://www.continente.pt/produto/bolachas-recheadas-com-caramelo-daelmans-2988244.html?cgid=mercearias-bolachas-biscoitos-recheio",
                                    "imagem": "https://www.continente.pt/dw/image/v2/BDVS_PRD/on/demandware.static/-/Sites-col-master-catalog/default/dwdaacf008/images/col/298/2988244-frente.jpg?sw=280&sh=280"
                                },
                                {
                                    "marca": "Continente",
                                    "descricao": "Cookies Mini de Cacau com Recheio de Creme",
                                    "preco": "1,09€",
                                    "preco_antigo": null,
                                    "quantidade": "emb. 100 gr",
                                    "precoPorQuantidade": "10,90€/kg",
                                    "link": "https://www.continente.pt/produto/cookies-mini-de-cacau-com-recheio-de-creme-continente-5748377.html?cgid=mercearias-bolachas-biscoitos-recheio",
                                    "imagem": "https://www.continente.pt/dw/image/v2/BDVS_PRD/on/demandware.static/-/Sites-col-master-catalog/default/dwd196a45f/images/col/574/5748377-hero.jpg?sw=280&sh=280"
                                },
                                {
                                    "marca": "Continente",
                                    "descricao": "Bolachas Wafers de Chocolate e Avelã",
                                    "preco": "1,89€",
                                    "preco_antigo": null,
                                    "quantidade": "emb. 171 gr (6 un)",
                                    "precoPorQuantidade": "11,05€/kg",
                                    "link": "https://www.continente.pt/produto/bolachas-wafers-de-chocolate-e-avela-continente-7240748.html?cgid=mercearias-bolachas-biscoitos-recheio",
                                    "imagem": "https://www.continente.pt/dw/image/v2/BDVS_PRD/on/demandware.static/-/Sites-col-master-catalog/default/dwf91cc7f2/images/col/724/7240748-frente.jpg?sw=280&sh=280"
                                },
                                {
                                    "marca": "Continente",
                                    "descricao": "Bolachas Wafers de Chocolate de Leite",
                                    "preco": "1,89€",
                                    "preco_antigo": null,
                                    "quantidade": "emb. 171 gr (6 un)",
                                    "precoPorQuantidade": "11,05€/kg",
                                    "link": "https://www.continente.pt/produto/bolachas-wafers-de-chocolate-de-leite-continente-5816405.html?cgid=mercearias-bolachas-biscoitos-recheio",
                                    "imagem": "https://www.continente.pt/dw/image/v2/BDVS_PRD/on/demandware.static/-/Sites-col-master-catalog/default/dwf88c189e/images/col/581/5816405-hero.jpg?sw=280&sh=280"
                                },
                                {
                                    "marca": "Milka",
                                    "descricao": "Bolachas Wafers de Chocolate Branco",
                                    "preco": "1,99€",
                                    "preco_antigo": null,
                                    "quantidade": "emb. 180 gr (6 un)",
                                    "precoPorQuantidade": "11,06€/kg",
                                    "link": "https://www.continente.pt/produto/bolachas-wafers-de-chocolate-branco-milka-4324989.html?cgid=mercearias-bolachas-biscoitos-recheio",
                                    "imagem": "https://www.continente.pt/dw/image/v2/BDVS_PRD/on/demandware.static/-/Sites-col-master-catalog/default/dw6015b94d/images/col/432/4324989-direito.jpg?sw=280&sh=280"
                                },
                                {
                                    "marca": "Saborosa",
                                    "descricao": "Bolachas Belgas Cobertas com Red Velvet",
                                    "preco": "2,19€",
                                    "preco_antigo": null,
                                    "quantidade": "emb. 198 gr (6 un)",
                                    "precoPorQuantidade": "11,06€/kg",
                                    "link": "https://www.continente.pt/produto/bolachas-belgas-cobertas-com-red-velvet-saborosa-7518906.html?cgid=mercearias-bolachas-biscoitos-recheio",
                                    "imagem": "https://www.continente.pt/dw/image/v2/BDVS_PRD/on/demandware.static/-/Sites-col-master-catalog/default/dw2ec4f38d/images/col/751/7518906-direito.jpg?sw=280&sh=280"
                                },
                                {
                                    "marca": "Saborosa",
                                    "descricao": "Bolachas Belgas Chocolate e Laranja",
                                    "preco": "2,19€",
                                    "preco_antigo": null,
                                    "quantidade": "emb. 198 gr (6 un)",
                                    "precoPorQuantidade": "11,06€/kg",
                                    "link": "https://www.continente.pt/produto/bolachas-belgas-chocolate-e-laranja-saborosa-6435871.html?cgid=mercearias-bolachas-biscoitos-recheio",
                                    "imagem": "https://www.continente.pt/dw/image/v2/BDVS_PRD/on/demandware.static/-/Sites-col-master-catalog/default/dw4ade53a7/images/col/643/6435871-direito.jpg?sw=280&sh=280"
                                },
                                {
                                    "marca": "Triunfo",
                                    "descricao": "Bolachas Fruit & Fit de Frutos Vermelhos",
                                    "preco": "1,64€",
                                    "preco_antigo": null,
                                    "quantidade": "emb. 148 gr (6 un)",
                                    "precoPorQuantidade": "11,08€/kg",
                                    "link": "https://www.continente.pt/produto/bolachas-fruit-fit-de-frutos-vermelhos-triunfo-5078634.html?cgid=mercearias-bolachas-biscoitos-recheio",
                                    "imagem": "https://www.continente.pt/dw/image/v2/BDVS_PRD/on/demandware.static/-/Sites-col-master-catalog/default/dwf9f1107e/images/col/507/5078634-frente.jpg?sw=280&sh=280"
                                },
                                {
                                    "marca": "Triunfo",
                                    "descricao": "Bolachas Fruit & Fit de Maçã e Canela",
                                    "preco": "1,64€",
                                    "preco_antigo": null,
                                    "quantidade": "emb. 148 gr (6 un)",
                                    "precoPorQuantidade": "11,08€/kg",
                                    "link": "https://www.continente.pt/produto/bolachas-fruit-fit-de-maca-e-canela-triunfo-5078633.html?cgid=mercearias-bolachas-biscoitos-recheio",
                                    "imagem": "https://www.continente.pt/dw/image/v2/BDVS_PRD/on/demandware.static/-/Sites-col-master-catalog/default/dwc5ea61fc/images/col/507/5078633-frente.jpg?sw=280&sh=280"
                                },
                                {
                                    "marca": "Vieira",
                                    "descricao": "Bolachas Wafers de Famboesa",
                                    "preco": "1,67€",
                                    "preco_antigo": null,
                                    "quantidade": "emb. 150 gr",
                                    "precoPorQuantidade": "11,13€/kg",
                                    "link": "https://www.continente.pt/produto/bolachas-wafers-de-famboesa-vieira-5637268.html?cgid=mercearias-bolachas-biscoitos-recheio",
                                    "imagem": "https://www.continente.pt/dw/image/v2/BDVS_PRD/on/demandware.static/-/Sites-col-master-catalog/default/dwa49fd5df/images/col/563/5637268-esquerdo.jpg?sw=280&sh=280"
                                },
                                {
                                    "marca": "Waferland",
                                    "descricao": "Bolachas Wafers Avelã",
                                    "preco": "1,99€",
                                    "preco_antigo": null,
                                    "quantidade": "emb. 175 gr",
                                    "precoPorQuantidade": "11,37€/kg",
                                    "link": "https://www.continente.pt/produto/bolachas-wafers-avela-waferland-7335484.html?cgid=mercearias-bolachas-biscoitos-recheio",
                                    "imagem": "https://www.continente.pt/dw/image/v2/BDVS_PRD/on/demandware.static/-/Sites-col-master-catalog/default/dw27fe09ee/images/col/733/7335484-frente.jpg?sw=280&sh=280"
                                },
                                {
                                    "marca": "Gullón",
                                    "descricao": "Bolachas Vitalday com Frutos Vermelhos Recheio de Iogurte",
                                    "preco": "2,59€",
                                    "preco_antigo": null,
                                    "quantidade": "emb. 220 gr (5 un)",
                                    "precoPorQuantidade": "11,77€/kg",
                                    "link": "https://www.continente.pt/produto/bolachas-vitalday-com-frutos-vermelhos-recheio-de-iogurte-gullon-5512093.html?cgid=mercearias-bolachas-biscoitos-recheio",
                                    "imagem": "https://www.continente.pt/dw/image/v2/BDVS_PRD/on/demandware.static/-/Sites-col-master-catalog/default/dw8d2f6264/images/col/551/5512093-cima.jpg?sw=280&sh=280"
                                },
                                {
                                    "marca": "Milka",
                                    "descricao": "Bolachas com Cobertura de Chocolate Finas",
                                    "preco": "1,49€",
                                    "preco_antigo": null,
                                    "quantidade": "emb. 126 gr",
                                    "precoPorQuantidade": "11,83€/kg",
                                    "link": "https://www.continente.pt/produto/bolachas-com-cobertura-de-chocolate-finas-milka-7504738.html?cgid=mercearias-bolachas-biscoitos-recheio",
                                    "imagem": "https://www.continente.pt/dw/image/v2/BDVS_PRD/on/demandware.static/-/Sites-col-master-catalog/default/dw6613b546/images/col/750/7504738-frente.jpg?sw=280&sh=280"
                                },
                                {
                                    "marca": "Waferland",
                                    "descricao": "Bolachas Wafers Bites de Avelã",
                                    "preco": "1,49€",
                                    "preco_antigo": null,
                                    "quantidade": "emb. 125 gr",
                                    "precoPorQuantidade": "11,92€/kg",
                                    "link": "https://www.continente.pt/produto/bolachas-wafers-bites-de-avela-waferland-7335471.html?cgid=mercearias-bolachas-biscoitos-recheio",
                                    "imagem": "https://www.continente.pt/dw/image/v2/BDVS_PRD/on/demandware.static/-/Sites-col-master-catalog/default/dw93892f3b/images/col/733/7335471-frente.jpg?sw=280&sh=280"
                                },
                                {
                                    "marca": "Belvita",
                                    "descricao": "Bolachas Soft Bakes Recheadas de Chocolate e Avelã",
                                    "preco": "2,99€",
                                    "preco_antigo": null,
                                    "quantidade": "emb. 250 gr (5 un)",
                                    "precoPorQuantidade": "11,96€ /kg",
                                    "link": "https://www.continente.pt/produto/bolachas-soft-bakes-recheadas-de-chocolate-e-avela-belvita-6473635.html?cgid=mercearias-bolachas-biscoitos-recheio",
                                    "imagem": "https://www.continente.pt/dw/image/v2/BDVS_PRD/on/demandware.static/-/Sites-col-master-catalog/default/dw869cb80d/images/col/647/6473635-direito.jpg?sw=280&sh=280"
                                },
                                {
                                    "marca": "Belvita",
                                    "descricao": "Bolachas Soft Bakes Recheadas de Morango",
                                    "preco": "2,99€",
                                    "preco_antigo": null,
                                    "quantidade": "emb. 250 gr (5 un)",
                                    "precoPorQuantidade": "11,96€/kg",
                                    "link": "https://www.continente.pt/produto/bolachas-soft-bakes-recheadas-de-morango-belvita-6473579.html?cgid=mercearias-bolachas-biscoitos-recheio",
                                    "imagem": "https://www.continente.pt/dw/image/v2/BDVS_PRD/on/demandware.static/-/Sites-col-master-catalog/default/dw2292fa32/images/col/647/6473579-direito.jpg?sw=280&sh=280"
                                },
                                {
                                    "marca": "Gullón",
                                    "descricao": "Bolacha Recheada Chocolate Sem Glúten",
                                    "preco": "2,69€",
                                    "preco_antigo": null,
                                    "quantidade": "emb. 225 gr (5 un)",
                                    "precoPorQuantidade": "11,96€/kg",
                                    "link": "https://www.continente.pt/produto/bolacha-recheada-chocolate-sem-gluten-gullon-7545759.html?cgid=mercearias-bolachas-biscoitos-recheio",
                                    "imagem": "https://www.continente.pt/dw/image/v2/BDVS_PRD/on/demandware.static/-/Sites-col-master-catalog/default/dw172a7be1/images/col/754/7545759-direito.jpg?sw=280&sh=280"
                                },
                                {
                                    "marca": "Oreo",
                                    "descricao": "Bolachas Cobertas com Chocolate de Leite",
                                    "preco": "2,99€",
                                    "preco_antigo": null,
                                    "quantidade": "emb. 246 gr (6 un)",
                                    "precoPorQuantidade": "12,15€/kg",
                                    "link": "https://www.continente.pt/produto/bolachas-cobertas-com-chocolate-de--leite-oreo-4566475.html?cgid=mercearias-bolachas-biscoitos-recheio",
                                    "imagem": "https://www.continente.pt/dw/image/v2/BDVS_PRD/on/demandware.static/-/Sites-col-master-catalog/default/dw226667df/images/col/456/4566475-frente.jpg?sw=280&sh=280"
                                },
                                {
                                    "marca": "Oreo",
                                    "descricao": "Bolachas Cobertas com Chocolate Branco",
                                    "preco": "2,99€",
                                    "preco_antigo": null,
                                    "quantidade": "emb. 246 gr (6 un)",
                                    "precoPorQuantidade": "12,15€/kg",
                                    "link": "https://www.continente.pt/produto/bolachas-cobertas-com-chocolate-branco-oreo-4566884.html?cgid=mercearias-bolachas-biscoitos-recheio",
                                    "imagem": "https://www.continente.pt/dw/image/v2/BDVS_PRD/on/demandware.static/-/Sites-col-master-catalog/default/dw0b751771/images/col/456/4566884-frente.jpg?sw=280&sh=280"
                                },
                                {
                                    "marca": "Vieira",
                                    "descricao": "Bolachas Wafers de Chocolate Stracciatella Cubos",
                                    "preco": "1,52€",
                                    "preco_antigo": null,
                                    "quantidade": "emb. 125 gr",
                                    "precoPorQuantidade": "12,16€/kg",
                                    "link": "https://www.continente.pt/produto/bolachas-wafers-de-chocolate-stracciatella-cubos-vieira-5687484.html?cgid=mercearias-bolachas-biscoitos-recheio",
                                    "imagem": "https://www.continente.pt/dw/image/v2/BDVS_PRD/on/demandware.static/-/Sites-col-master-catalog/default/dw22950041/images/col/568/5687484-frente.jpg?sw=280&sh=280"
                                },
                                {
                                    "marca": "Vieira",
                                    "descricao": "Bolachas Wafers de Limão Cubos",
                                    "preco": "1,52€",
                                    "preco_antigo": null,
                                    "quantidade": "emb. 125 gr",
                                    "precoPorQuantidade": "12,16€/kg",
                                    "link": "https://www.continente.pt/produto/bolachas-wafers-de-limao-cubos-vieira-5687470.html?cgid=mercearias-bolachas-biscoitos-recheio",
                                    "imagem": "https://www.continente.pt/dw/image/v2/BDVS_PRD/on/demandware.static/-/Sites-col-master-catalog/default/dwefd97c61/images/col/568/5687470-direito.jpg?sw=280&sh=280"
                                },
                                {
                                    "marca": "Vieira",
                                    "descricao": "Bolachas Wafers de Caramelo Cubos",
                                    "preco": "1,52€",
                                    "preco_antigo": null,
                                    "quantidade": "emb. 125 gr",
                                    "precoPorQuantidade": "12,16€/kg",
                                    "link": "https://www.continente.pt/produto/bolachas-wafers-de-caramelo-cubos-vieira-5687478.html?cgid=mercearias-bolachas-biscoitos-recheio",
                                    "imagem": "https://www.continente.pt/dw/image/v2/BDVS_PRD/on/demandware.static/-/Sites-col-master-catalog/default/dw51feeed1/images/col/568/5687478-direito.jpg?sw=280&sh=280"
                                },
                                {
                                    "marca": "Cuétara",
                                    "descricao": "Bolachas Flakes Nocilla",
                                    "preco": "2,14€",
                                    "preco_antigo": null,
                                    "quantidade": "emb. 175 gr (5 un)",
                                    "precoPorQuantidade": "12,23€/kg",
                                    "link": "https://www.continente.pt/produto/bolachas-flakes-nocilla-cuetara-4540938.html?cgid=mercearias-bolachas-biscoitos-recheio",
                                    "imagem": "https://www.continente.pt/dw/image/v2/BDVS_PRD/on/demandware.static/-/Sites-col-master-catalog/default/dwbd4110ae/images/col/454/4540938-esquerdo.jpg?sw=280&sh=280"
                                },
                                {
                                    "marca": "Gullón",
                                    "descricao": "Bolachas de Aveia e Chocolate Negro Diet Nature",
                                    "preco": "3,39€",
                                    "preco_antigo": null,
                                    "quantidade": "emb. 275 gr",
                                    "precoPorQuantidade": "12,33€/kg",
                                    "link": "https://www.continente.pt/produto/bolachas-de-aveia-e-chocolate-negro-diet-nature-gullon-7264816.html?cgid=mercearias-bolachas-biscoitos-recheio",
                                    "imagem": "https://www.continente.pt/dw/image/v2/BDVS_PRD/on/demandware.static/-/Sites-col-master-catalog/default/dw5434ad3e/images/col/726/7264816-direito.jpg?sw=280&sh=280"
                                },
                                {
                                    "marca": "Oreo",
                                    "descricao": "Bolachas Golden Mini Recheio de Creme",
                                    "preco": "1,99€",
                                    "preco_antigo": null,
                                    "quantidade": "emb. 160 gr (4 un)",
                                    "precoPorQuantidade": "12,44€/kg",
                                    "link": "https://www.continente.pt/produto/bolachas-golden-mini-recheio-de-creme-oreo-7383327.html?cgid=mercearias-bolachas-biscoitos-recheio",
                                    "imagem": "https://www.continente.pt/dw/image/v2/BDVS_PRD/on/demandware.static/-/Sites-col-master-catalog/default/dw8e8814c4/images/col/738/7383327-frente.jpg?sw=280&sh=280"
                                },
                                {
                                    "marca": "Oreo",
                                    "descricao": "Bolachas Mini Recheadas com Creme",
                                    "preco": "1,99€",
                                    "preco_antigo": null,
                                    "quantidade": "emb. 160 gr (4 un)",
                                    "precoPorQuantidade": "12,44€/kg",
                                    "link": "https://www.continente.pt/produto/bolachas-mini-recheadas-com-creme-oreo-3884674.html?cgid=mercearias-bolachas-biscoitos-recheio",
                                    "imagem": "https://www.continente.pt/dw/image/v2/BDVS_PRD/on/demandware.static/-/Sites-col-master-catalog/default/dw9b532fa4/images/col/388/3884674-frente.jpg?sw=280&sh=280"
                                },
                                {
                                    "marca": "Cuétara",
                                    "descricao": "Bolachas Wafers com Recheio de Morango",
                                    "preco": "1,89€",
                                    "preco_antigo": null,
                                    "quantidade": "emb. 150 gr",
                                    "precoPorQuantidade": "12,60€/kg",
                                    "link": "https://www.continente.pt/produto/bolachas-wafers-com-recheio-de-morango-cuetara-7422923.html?cgid=mercearias-bolachas-biscoitos-recheio",
                                    "imagem": "https://www.continente.pt/dw/image/v2/BDVS_PRD/on/demandware.static/-/Sites-col-master-catalog/default/dw20ed7dab/images/col/742/7422923-esquerdo.jpg?sw=280&sh=280"
                                },
                                {
                                    "marca": "Cuétara",
                                    "descricao": "Bolachas Wafers com Recheio de Limão",
                                    "preco": "1,89€",
                                    "preco_antigo": null,
                                    "quantidade": "emb. 150 gr",
                                    "precoPorQuantidade": "12,60€/kg",
                                    "link": "https://www.continente.pt/produto/bolachas-wafers-com-recheio-de-limao-cuetara-2014341.html?cgid=mercearias-bolachas-biscoitos-recheio",
                                    "imagem": "https://www.continente.pt/dw/image/v2/BDVS_PRD/on/demandware.static/-/Sites-col-master-catalog/default/dw40b44452/images/col/201/2014341-esquerdo.jpg?sw=280&sh=280"
                                },
                                {
                                    "marca": "Cuétara",
                                    "descricao": "Bolachas Wafers com Recheio de Cacau e Avelã",
                                    "preco": "1,89€",
                                    "preco_antigo": null,
                                    "quantidade": "emb. 150 gr",
                                    "precoPorQuantidade": "12,60€/kg",
                                    "link": "https://www.continente.pt/produto/bolachas-wafers-com-recheio-de-cacau-e-avela-cuetara-2003389.html?cgid=mercearias-bolachas-biscoitos-recheio",
                                    "imagem": "https://www.continente.pt/dw/image/v2/BDVS_PRD/on/demandware.static/-/Sites-col-master-catalog/default/dwde734943/images/col/200/2003389-esquerdo.jpg?sw=280&sh=280"
                                },
                                {
                                    "marca": "Cuétara",
                                    "descricao": "Bolachas Wafers com Recheio de Coco",
                                    "preco": "1,89€",
                                    "preco_antigo": null,
                                    "quantidade": "emb. 150 gr",
                                    "precoPorQuantidade": "12,60€/kg",
                                    "link": "https://www.continente.pt/produto/bolachas-wafers-com-recheio-de-coco-cuetara-2003386.html?cgid=mercearias-bolachas-biscoitos-recheio",
                                    "imagem": "https://www.continente.pt/dw/image/v2/BDVS_PRD/on/demandware.static/-/Sites-col-master-catalog/default/dwe2e4b03a/images/col/200/2003386-esquerdo.jpg?sw=280&sh=280"
                                },
                                {
                                    "marca": "Mokate",
                                    "descricao": "Bolachas Cobertas Recheadas Framboesa com Chocolate Negro",
                                    "preco": "1,89€",
                                    "preco_antigo": null,
                                    "quantidade": "emb. 150 gr",
                                    "precoPorQuantidade": "12,60€/kg",
                                    "link": "https://www.continente.pt/produto/bolachas-cobertas-recheadas-framboesa-com-chocolate-negro-mokate-7385567.html?cgid=mercearias-bolachas-biscoitos-recheio",
                                    "imagem": "https://www.continente.pt/dw/image/v2/BDVS_PRD/on/demandware.static/-/Sites-col-master-catalog/default/dw08f912e5/images/col/738/7385567-frente.jpg?sw=280&sh=280"
                                },
                                {
                                    "marca": "Cuétara",
                                    "descricao": "Bolachas Bocaditos com Recheio de Limão",
                                    "preco": "1,89€",
                                    "preco_antigo": null,
                                    "quantidade": "emb. 150 gr",
                                    "precoPorQuantidade": "12,60€/kg",
                                    "link": "https://www.continente.pt/produto/bolachas-bocaditos-com-recheio-de-limao-cuetara-2709002.html?cgid=mercearias-bolachas-biscoitos-recheio",
                                    "imagem": "https://www.continente.pt/dw/image/v2/BDVS_PRD/on/demandware.static/-/Sites-col-master-catalog/default/dw5f20b3ca/images/col/270/2709002-frente.jpg?sw=280&sh=280"
                                },
                                {
                                    "marca": "Loacker",
                                    "descricao": "Bolachas Wafers com Recheio de Cacau",
                                    "preco": "2,29€",
                                    "preco_antigo": null,
                                    "quantidade": "emb. 175 gr",
                                    "precoPorQuantidade": "13,09€/kg",
                                    "link": "https://www.continente.pt/produto/bolachas-wafers-com-recheio-de-cacau-loacker-2800079.html?cgid=mercearias-bolachas-biscoitos-recheio",
                                    "imagem": "https://www.continente.pt/dw/image/v2/BDVS_PRD/on/demandware.static/-/Sites-col-master-catalog/default/dw75537c6e/images/col/280/2800079-cima.jpg?sw=280&sh=280"
                                },
                                {
                                    "marca": "Loacker",
                                    "descricao": "Bolachas Wafers com Recheio de Avelã",
                                    "preco": "2,29€",
                                    "preco_antigo": null,
                                    "quantidade": "emb. 175 gr",
                                    "precoPorQuantidade": "13,09€/kg",
                                    "link": "https://www.continente.pt/produto/bolachas-wafers-com-recheio-de-avela-loacker-2905480.html?cgid=mercearias-bolachas-biscoitos-recheio",
                                    "imagem": "https://www.continente.pt/dw/image/v2/BDVS_PRD/on/demandware.static/-/Sites-col-master-catalog/default/dw2faf6f55/images/col/290/2905480-cima.jpg?sw=280&sh=280"
                                },
                                {
                                    "marca": "Loacker",
                                    "descricao": "Bolachas Wafers Limão",
                                    "preco": "3,29€",
                                    "preco_antigo": null,
                                    "quantidade": "emb. 250 gr",
                                    "precoPorQuantidade": "13,16€/kg",
                                    "link": "https://www.continente.pt/produto/bolachas-wafers-limao-loacker-5562589.html?cgid=mercearias-bolachas-biscoitos-recheio",
                                    "imagem": "https://www.continente.pt/dw/image/v2/BDVS_PRD/on/demandware.static/-/Sites-col-master-catalog/default/dw22a140d5/images/col/556/5562589-direito.jpg?sw=280&sh=280"
                                },
                                {
                                    "marca": "Loacker",
                                    "descricao": "Bolachas Wafers Quadratini com Recheio Avelã",
                                    "preco": "3,29€",
                                    "preco_antigo": null,
                                    "quantidade": "emb. 250 gr",
                                    "precoPorQuantidade": "13,16€/kg",
                                    "link": "https://www.continente.pt/produto/bolachas-wafers-quadratini-com-recheio-avela-loacker-2463453.html?cgid=mercearias-bolachas-biscoitos-recheio",
                                    "imagem": "https://www.continente.pt/dw/image/v2/BDVS_PRD/on/demandware.static/-/Sites-col-master-catalog/default/dw64c9a1bb/images/col/246/2463453-direito.jpg?sw=280&sh=280"
                                },
                                {
                                    "marca": "Loacker",
                                    "descricao": "Bolachas Wafers Quadratini Baunilha",
                                    "preco": "3,29€",
                                    "preco_antigo": null,
                                    "quantidade": "emb. 250 gr",
                                    "precoPorQuantidade": "13,16€/kg",
                                    "link": "https://www.continente.pt/produto/bolachas-wafers-quadratini-baunilha-loacker-2598632.html?cgid=mercearias-bolachas-biscoitos-recheio",
                                    "imagem": "https://www.continente.pt/dw/image/v2/BDVS_PRD/on/demandware.static/-/Sites-col-master-catalog/default/dw561de752/images/col/259/2598632-direito.jpg?sw=280&sh=280"
                                },
                                {
                                    "marca": "Triunfo",
                                    "descricao": "Bolacha Coberta Chocolate com Recheio Framboesa",
                                    "preco": "1,99€",
                                    "preco_antigo": null,
                                    "quantidade": "emb. 150 gr",
                                    "precoPorQuantidade": "13,27€/kg",
                                    "link": "https://www.continente.pt/produto/bolacha-coberta-chocolate-com-recheio-framboesa-triunfo-7545438.html?cgid=mercearias-bolachas-biscoitos-recheio",
                                    "imagem": "https://www.continente.pt/dw/image/v2/BDVS_PRD/on/demandware.static/-/Sites-col-master-catalog/default/dwdbaa8bcd/images/col/754/7545438-frente.jpg?sw=280&sh=280"
                                },
                                {
                                    "marca": "Triunfo",
                                    "descricao": "Bolacha Coberta Chocolate com Recheio Laranja",
                                    "preco": "1,99€",
                                    "preco_antigo": null,
                                    "quantidade": "emb. 150 gr",
                                    "precoPorQuantidade": "13,27€/kg",
                                    "link": "https://www.continente.pt/produto/bolacha-coberta-chocolate-com-recheio-laranja-triunfo-7545442.html?cgid=mercearias-bolachas-biscoitos-recheio",
                                    "imagem": "https://www.continente.pt/dw/image/v2/BDVS_PRD/on/demandware.static/-/Sites-col-master-catalog/default/dw17e30a78/images/col/754/7545442-frente.jpg?sw=280&sh=280"
                                },
                                {
                                    "marca": "Oreo",
                                    "descricao": "Bolachas de Chocolate com Recheio de Creme",
                                    "preco": "0,89€",
                                    "preco_antigo": null,
                                    "quantidade": "emb. 66 gr",
                                    "precoPorQuantidade": "13,48€/kg",
                                    "link": "https://www.continente.pt/produto/bolachas-de-chocolate-com-recheio-de-creme-oreo-5592652.html?cgid=mercearias-bolachas-biscoitos-recheio",
                                    "imagem": "https://www.continente.pt/dw/image/v2/BDVS_PRD/on/demandware.static/-/Sites-col-master-catalog/default/dw637d785c/images/col/559/5592652-frente.jpg?sw=280&sh=280"
                                },
                                {
                                    "marca": "Milka",
                                    "descricao": "Bolachas Recheio de Laranja Cobertura Chocolate",
                                    "preco": "1,99€",
                                    "preco_antigo": null,
                                    "quantidade": "emb. 147 gr",
                                    "precoPorQuantidade": "13,54€/kg",
                                    "link": "https://www.continente.pt/produto/bolachas-recheio-de-laranja-cobertura-chocolate-milka-6995362.html?cgid=mercearias-bolachas-biscoitos-recheio",
                                    "imagem": "https://www.continente.pt/dw/image/v2/BDVS_PRD/on/demandware.static/-/Sites-col-master-catalog/default/dwcda25d1f/images/col/699/6995362-frente.jpg?sw=280&sh=280"
                                },
                                {
                                    "marca": "Milka",
                                    "descricao": "Bolachas Recheadas de Framboesa Jaffa",
                                    "preco": "1,99€",
                                    "preco_antigo": null,
                                    "quantidade": "emb. 147 gr",
                                    "precoPorQuantidade": "13,54€/kg",
                                    "link": "https://www.continente.pt/produto/bolachas-recheadas-de-framboesa-jaffa-milka-6995361.html?cgid=mercearias-bolachas-biscoitos-recheio",
                                    "imagem": "https://www.continente.pt/dw/image/v2/BDVS_PRD/on/demandware.static/-/Sites-col-master-catalog/default/dwad7e50c7/images/col/699/6995361-direito.jpg?sw=280&sh=280"
                                },
                                {
                                    "marca": "Nutella",
                                    "descricao": "Bolachas Recheadas com Chocolate e Avelãs",
                                    "preco": "4,19€",
                                    "preco_antigo": null,
                                    "quantidade": "emb. 304 gr",
                                    "precoPorQuantidade": "13,78€/kg",
                                    "link": "https://www.continente.pt/produto/bolachas-recheadas-com-chocolate-e-avelas-nutella-7499807.html?cgid=mercearias-bolachas-biscoitos-recheio",
                                    "imagem": "https://www.continente.pt/dw/image/v2/BDVS_PRD/on/demandware.static/-/Sites-col-master-catalog/default/dw96d618fd/images/col/749/7499807-frente.jpg?sw=280&sh=280"
                                },
                                {
                                    "marca": "Gullón",
                                    "descricao": "Bolachas Finas Aveia com Cobertura de Chocolate Negro",
                                    "preco": "2,09€",
                                    "preco_antigo": null,
                                    "quantidade": "emb. 150 gr",
                                    "precoPorQuantidade": "13,93€/kg",
                                    "link": "https://www.continente.pt/produto/bolachas-finas-aveia-com-cobertura-de-chocolate-negro-gullon-7526755.html?cgid=mercearias-bolachas-biscoitos-recheio",
                                    "imagem": "https://www.continente.pt/dw/image/v2/BDVS_PRD/on/demandware.static/-/Sites-col-master-catalog/default/dw97b3ffd1/images/col/752/7526755-frente.jpg?sw=280&sh=280"
                                },
                                {
                                    "marca": "Gullón",
                                    "descricao": "Bolachas Finas Aveia com Cobertura de Chocolate Leite",
                                    "preco": "2,09€",
                                    "preco_antigo": null,
                                    "quantidade": "emb. 150 gr",
                                    "precoPorQuantidade": "13,93€/kg",
                                    "link": "https://www.continente.pt/produto/bolachas-finas-aveia-com-cobertura-de-chocolate-leite-gullon-7526754.html?cgid=mercearias-bolachas-biscoitos-recheio",
                                    "imagem": "https://www.continente.pt/dw/image/v2/BDVS_PRD/on/demandware.static/-/Sites-col-master-catalog/default/dw8de68b81/images/col/752/7526754-frente.jpg?sw=280&sh=280"
                                },
                                {
                                    "marca": "Gullón",
                                    "descricao": "Bolachas Cacau Recheadas com Creme Diet Nature",
                                    "preco": "2,94€",
                                    "preco_antigo": null,
                                    "quantidade": "emb. 210 gr (5 un)",
                                    "precoPorQuantidade": "14,00€/kg",
                                    "link": "https://www.continente.pt/produto/bolachas-cacau-recheadas-com-creme-diet-nature-gullon-5717192.html?cgid=mercearias-bolachas-biscoitos-recheio",
                                    "imagem": "https://www.continente.pt/dw/image/v2/BDVS_PRD/on/demandware.static/-/Sites-col-master-catalog/default/dw85bfb182/images/col/571/5717192-cima.jpg?sw=280&sh=280"
                                },
                                {
                                    "marca": "Milka",
                                    "descricao": "Bolachas Softcake Choc & Choc",
                                    "preco": "2,49€",
                                    "preco_antigo": null,
                                    "quantidade": "emb. 175 gr",
                                    "precoPorQuantidade": "14,23€/kg",
                                    "link": "https://www.continente.pt/produto/bolachas-softcake-choc-choc-milka-5649278.html?cgid=mercearias-bolachas-biscoitos-recheio",
                                    "imagem": "https://www.continente.pt/dw/image/v2/BDVS_PRD/on/demandware.static/-/Sites-col-master-catalog/default/dw83bd55d6/images/col/564/5649278-frente.jpg?sw=280&sh=280"
                                },
                                {
                                    "marca": "Gullón",
                                    "descricao": "Bolachas com Cobertura Chocolate Argolas",
                                    "preco": "2,22€",
                                    "preco_antigo": null,
                                    "quantidade": "emb. 150 gr",
                                    "precoPorQuantidade": "14,80€/kg",
                                    "link": "https://www.continente.pt/produto/bolachas-com-cobertura-chocolate-argolas-gullon-7545585.html?cgid=mercearias-bolachas-biscoitos-recheio",
                                    "imagem": "https://www.continente.pt/dw/image/v2/BDVS_PRD/on/demandware.static/-/Sites-col-master-catalog/default/dwc289b8ab/images/col/754/7545585-direito.jpg?sw=280&sh=280"
                                },
                                {
                                    "marca": "Bahlsen",
                                    "descricao": "Bolachas Leibniz Chocolate Mini",
                                    "preco": "1,99€",
                                    "preco_antigo": null,
                                    "quantidade": "emb. 125 gr",
                                    "precoPorQuantidade": "15,92€/kg",
                                    "link": "https://www.continente.pt/produto/bolachas-leibniz-chocolate-mini-bahlsen-7600634.html?cgid=mercearias-bolachas-biscoitos-recheio",
                                    "imagem": "https://www.continente.pt/dw/image/v2/BDVS_PRD/on/demandware.static/-/Sites-col-master-catalog/default/dw31e5e02f/images/col/760/7600634-frente.jpg?sw=280&sh=280"
                                },
                                {
                                    "marca": "Gullón",
                                    "descricao": "Bolachas Digestivas de Aveia com Chocolate de Leite Finas",
                                    "preco": "2,39€",
                                    "preco_antigo": null,
                                    "quantidade": "emb. 150 gr",
                                    "precoPorQuantidade": "15,93€/kg",
                                    "link": "https://www.continente.pt/produto/bolachas-digestivas-de-aveia-com-chocolate-de-leite-finas-gullon-7545586.html?cgid=mercearias-bolachas-biscoitos-recheio",
                                    "imagem": "https://www.continente.pt/dw/image/v2/BDVS_PRD/on/demandware.static/-/Sites-col-master-catalog/default/dw96f9f238/images/col/754/7545586-frente.jpg?sw=280&sh=280"
                                },
                                {
                                    "marca": "Lu",
                                    "descricao": "Bolachas com Recheio de Morango La Barquette",
                                    "preco": "1,99€",
                                    "preco_antigo": null,
                                    "quantidade": "emb. 120 gr (3 un)",
                                    "precoPorQuantidade": "16,58€/kg",
                                    "link": "https://www.continente.pt/produto/bolachas-com-recheio-de-morango-la-barquette-lu-2076346.html?cgid=mercearias-bolachas-biscoitos-recheio",
                                    "imagem": "https://www.continente.pt/dw/image/v2/BDVS_PRD/on/demandware.static/-/Sites-col-master-catalog/default/dw9561fcb3/images/col/207/2076346-frente.jpg?sw=280&sh=280"
                                },
                                {
                                    "marca": "Milka",
                                    "descricao": "Bolachas Choco Biscuit Chocolate de Leite",
                                    "preco": "2,49€",
                                    "preco_antigo": null,
                                    "quantidade": "emb. 150 gr (2 un)",
                                    "precoPorQuantidade": "16,60€/kg",
                                    "link": "https://www.continente.pt/produto/bolachas-choco-biscuit-chocolate-de-leite-milka-2487220.html?cgid=mercearias-bolachas-biscoitos-recheio",
                                    "imagem": "https://www.continente.pt/dw/image/v2/BDVS_PRD/on/demandware.static/-/Sites-col-master-catalog/default/dwdb5b368d/images/col/248/2487220-direito.jpg?sw=280&sh=280"
                                },
                                {
                                    "marca": "Bahlsen",
                                    "descricao": "Bolachas com Recheio de Laranja e Cobertura de Chocolate",
                                    "preco": "2,19€",
                                    "preco_antigo": null,
                                    "quantidade": "emb. 125 gr",
                                    "precoPorQuantidade": "17,52€/kg",
                                    "link": "https://www.continente.pt/produto/bolachas-com-recheio-de-laranja-e-cobertura-de-chocolate-bahlsen-7421658.html?cgid=mercearias-bolachas-biscoitos-recheio",
                                    "imagem": "https://www.continente.pt/dw/image/v2/BDVS_PRD/on/demandware.static/-/Sites-col-master-catalog/default/dwe105b699/images/col/742/7421658-frente.jpg?sw=280&sh=280"
                                },
                                {
                                    "marca": "Crich",
                                    "descricao": "Wafer Baunilha e Limão Biológico",
                                    "preco": "2,24€",
                                    "preco_antigo": null,
                                    "quantidade": "emb. 125 gr",
                                    "precoPorQuantidade": "17,92€/kg",
                                    "link": "https://www.continente.pt/produto/wafer-baunilha-e-limao-biologico-crich-6707290.html?cgid=mercearias-bolachas-biscoitos-recheio",
                                    "imagem": "https://www.continente.pt/dw/image/v2/BDVS_PRD/on/demandware.static/-/Sites-col-master-catalog/default/dw3855d76b/images/col/670/6707290-cima.jpg?sw=280&sh=280"
                                },
                                {
                                    "marca": "Milka",
                                    "descricao": "Bolachas Mini Wafers",
                                    "preco": "1,99€",
                                    "preco_antigo": null,
                                    "quantidade": "emb. 110 gr",
                                    "precoPorQuantidade": "18,09€/kg",
                                    "link": "https://www.continente.pt/produto/bolachas-mini-wafers-milka-7422043.html?cgid=mercearias-bolachas-biscoitos-recheio",
                                    "imagem": "https://www.continente.pt/dw/image/v2/BDVS_PRD/on/demandware.static/-/Sites-col-master-catalog/default/dw7cfb4eca/images/col/742/7422043-frente.jpg?sw=280&sh=280"
                                },
                                {
                                    "marca": "Crich",
                                    "descricao": "Wafer Avelã Biológica",
                                    "preco": "2,34€",
                                    "preco_antigo": null,
                                    "quantidade": "emb. 125 gr",
                                    "precoPorQuantidade": "18,72€/kg",
                                    "link": "https://www.continente.pt/produto/wafer-avela-biologica-crich-6707289.html?cgid=mercearias-bolachas-biscoitos-recheio",
                                    "imagem": "https://www.continente.pt/dw/image/v2/BDVS_PRD/on/demandware.static/-/Sites-col-master-catalog/default/dwd5fb047c/images/col/670/6707289-cima.jpg?sw=280&sh=280"
                                },
                                {
                                    "marca": "Kinder",
                                    "descricao": "Bolachas Cards",
                                    "preco": "2,49€",
                                    "preco_antigo": null,
                                    "quantidade": "emb. 131 gr (5 un)",
                                    "precoPorQuantidade": "19,01€/kg",
                                    "link": "https://www.continente.pt/produto/bolachas-cards-kinder-7073670.html?cgid=mercearias-bolachas-biscoitos-recheio",
                                    "imagem": "https://www.continente.pt/dw/image/v2/BDVS_PRD/on/demandware.static/-/Sites-col-master-catalog/default/dwdb206314/images/col/707/7073670-frente.jpg?sw=280&sh=280"
                                },
                                {
                                    "marca": "Fabs Origin",
                                    "descricao": "Bolachas com Cobertura de Chocolate de Leite",
                                    "preco": "2,89€",
                                    "preco_antigo": null,
                                    "quantidade": "emb. 150 gr",
                                    "precoPorQuantidade": "19,27€/kg",
                                    "link": "https://www.continente.pt/produto/bolachas-com-cobertura-de-chocolate-de-leite-fabs-origin-7499735.html?cgid=mercearias-bolachas-biscoitos-recheio",
                                    "imagem": "https://www.continente.pt/dw/image/v2/BDVS_PRD/on/demandware.static/-/Sites-col-master-catalog/default/dw957aa0cf/images/col/749/7499735-esquerdo.jpg?sw=280&sh=280"
                                },
                                {
                                    "marca": "Nutella",
                                    "descricao": "Bolachas Crocantes Recheadas com Chocolate B-Ready",
                                    "preco": "2,65€",
                                    "preco_antigo": null,
                                    "quantidade": "emb. 132 gr (6 un)",
                                    "precoPorQuantidade": "20,08€/kg",
                                    "link": "https://www.continente.pt/produto/bolachas-crocantes-recheadas-com-chocolate-b-ready-nutella-6336631.html?cgid=mercearias-bolachas-biscoitos-recheio",
                                    "imagem": "https://www.continente.pt/dw/image/v2/BDVS_PRD/on/demandware.static/-/Sites-col-master-catalog/default/dw04a6c1ac/images/col/633/6336631-esquerdo.jpg?sw=280&sh=280"
                                },
                                {
                                    "marca": "Bahlsen",
                                    "descricao": "Bolachas Wafers com Chocolate de Leite Waffeletten",
                                    "preco": "2,19€",
                                    "preco_antigo": null,
                                    "quantidade": "emb. 100 gr",
                                    "precoPorQuantidade": "21,90€/kg",
                                    "link": "https://www.continente.pt/produto/bolachas-wafers-com-chocolate-de-leite-waffeletten-bahlsen-2005637.html?cgid=mercearias-bolachas-biscoitos-recheio",
                                    "imagem": "https://www.continente.pt/dw/image/v2/BDVS_PRD/on/demandware.static/-/Sites-col-master-catalog/default/dwa0b3a9d4/images/col/200/2005637-frente.jpg?sw=280&sh=280"
                                },
                                {
                                    "marca": "Gullón",
                                    "descricao": "Bolachas Recheadas com Chocolate Biológicas",
                                    "preco": "3,99€",
                                    "preco_antigo": null,
                                    "quantidade": "emb. 180 gr (5 un)",
                                    "precoPorQuantidade": "22,17€/kg",
                                    "link": "https://www.continente.pt/produto/bolachas-recheadas-com-chocolate-biologicas-gullon-7526759.html?cgid=mercearias-bolachas-biscoitos-recheio",
                                    "imagem": "https://www.continente.pt/dw/image/v2/BDVS_PRD/on/demandware.static/-/Sites-col-master-catalog/default/dwc7209243/images/col/752/7526759-direito.jpg?sw=280&sh=280"
                                },
                                {
                                    "marca": "Twix",
                                    "descricao": "Bolachas Recheadas com Caramelo e Pepitas de Chocolate",
                                    "preco": "3,29€",
                                    "preco_antigo": null,
                                    "quantidade": "emb. 144 gr",
                                    "precoPorQuantidade": "22,85€/kg",
                                    "link": "https://www.continente.pt/produto/bolachas-recheadas-com-caramelo-e-pepitas-de-chocolate-twix-7422930.html?cgid=mercearias-bolachas-biscoitos-recheio",
                                    "imagem": "https://www.continente.pt/dw/image/v2/BDVS_PRD/on/demandware.static/-/Sites-col-master-catalog/default/dw63a91693/images/col/742/7422930-frente.jpg?sw=280&sh=280"
                                },
                                {
                                    "marca": "Gullón",
                                    "descricao": "Bolachas Cobertas com Chocolate Biológicas",
                                    "preco": "3,99€",
                                    "preco_antigo": null,
                                    "quantidade": "emb. 156 gr",
                                    "precoPorQuantidade": "25,58€/kg",
                                    "link": "https://www.continente.pt/produto/bolachas-cobertas-com-chocolate-biologicas-gullon-7538021.html?cgid=mercearias-bolachas-biscoitos-recheio",
                                    "imagem": "https://www.continente.pt/dw/image/v2/BDVS_PRD/on/demandware.static/-/Sites-col-master-catalog/default/dw3ba0a017/images/col/753/7538021-esquerdo.jpg?sw=280&sh=280"
                                },
                                {
                                    "marca": "Nutella",
                                    "descricao": "Bolachas Crocantes Recheadas com Chocolate B-Ready",
                                    "preco": "1,19€",
                                    "preco_antigo": null,
                                    "quantidade": "emb. 88 gr (2 un)",
                                    "precoPorQuantidade": "27,05€/kg",
                                    "link": "https://www.continente.pt/produto/bolachas-crocantes-recheadas-com-chocolate-b-ready-nutella-6532792.html?cgid=mercearias-bolachas-biscoitos-recheio",
                                    "imagem": "https://www.continente.pt/dw/image/v2/BDVS_PRD/on/demandware.static/-/Sites-col-master-catalog/default/dw1311523c/images/col/653/6532792-frente.jpg?sw=280&sh=280"
                                },
                                {
                                    "marca": "Loacker",
                                    "descricao": "Bolachas Snowflakes com Recheio de Chocolate de Leite",
                                    "preco": "3,49€",
                                    "preco_antigo": null,
                                    "quantidade": "emb. 400 gr",
                                    "precoPorQuantidade": "29,08€/kg",
                                    "link": "https://www.continente.pt/produto/bolachas-snowflakes-com-recheio-de-chocolate-de-leite-loacker-7419357.html?cgid=mercearias-bolachas-biscoitos-recheio",
                                    "imagem": "https://www.continente.pt/dw/image/v2/BDVS_PRD/on/demandware.static/-/Sites-col-master-catalog/default/dw7ca7e9ef/images/col/741/7419357-frente.jpg?sw=280&sh=280"
                                }
                            ]
                        },
                        {
                            "name": "Bolachas Infantis",
                            "items": [
                                {
                                    "marca": "Continente",
                                    "descricao": "Bolachas Recheadas Chocolate",
                                    "preco": "1,89€",
                                    "preco_antigo": "2,39€",
                                    "quantidade": "emb. 440 gr (10 un)",
                                    "precoPorQuantidade": "4,30€/kg",
                                    "link": "https://www.continente.pt/produto/bolachas-recheadas-chocolate-continente-7421305.html?cgid=mercearias-bolachas-biscoitos-infantis",
                                    "imagem": "https://www.continente.pt/dw/image/v2/BDVS_PRD/on/demandware.static/-/Sites-col-master-catalog/default/dw6f154a40/images/col/742/7421305-frente.jpg?sw=280&sh=280"
                                },
                                {
                                    "marca": "Continente Gumball",
                                    "descricao": "Bolachas Animais de Cereais",
                                    "preco": "1,19€",
                                    "preco_antigo": "1,59€",
                                    "quantidade": "emb. 260 gr (6 un)",
                                    "precoPorQuantidade": "4,58€/kg",
                                    "link": "https://www.continente.pt/produto/bolachas-animais-de-cereais-continente-gumball-6995180.html?cgid=mercearias-bolachas-biscoitos-infantis",
                                    "imagem": "https://www.continente.pt/dw/image/v2/BDVS_PRD/on/demandware.static/-/Sites-col-master-catalog/default/dw29956ca6/images/col/699/6995180-frente.jpg?sw=280&sh=280"
                                },
                                {
                                    "marca": "Cuétara",
                                    "descricao": "Bolachas Recheadas Flakes",
                                    "preco": "2,39€",
                                    "preco_antigo": null,
                                    "quantidade": "emb. 500 gr",
                                    "precoPorQuantidade": "4,78€/kg",
                                    "link": "https://www.continente.pt/produto/bolachas-recheadas-flakes-cuetara-4522983.html?cgid=mercearias-bolachas-biscoitos-infantis",
                                    "imagem": "https://www.continente.pt/dw/image/v2/BDVS_PRD/on/demandware.static/-/Sites-col-master-catalog/default/dwe44ef9f7/images/col/452/4522983-esquerdo.jpg?sw=280&sh=280"
                                },
                                {
                                    "marca": "Cuétara",
                                    "descricao": "Bolachas Tosta Rica",
                                    "preco": "2,89€",
                                    "preco_antigo": null,
                                    "quantidade": "emb. 570 gr",
                                    "precoPorQuantidade": "5,07€/kg",
                                    "link": "https://www.continente.pt/produto/bolachas-tosta-rica-cuetara-5340760.html?cgid=mercearias-bolachas-biscoitos-infantis",
                                    "imagem": "https://www.continente.pt/dw/image/v2/BDVS_PRD/on/demandware.static/-/Sites-col-master-catalog/default/dw24e22012/images/col/534/5340760-frente.jpg?sw=280&sh=280"
                                },
                                {
                                    "marca": "Gullón",
                                    "descricao": "Bolachas Magic Dibus com Recheio de Chocolate",
                                    "preco": "1,14€",
                                    "preco_antigo": null,
                                    "quantidade": "emb. 220 gr (5 un)",
                                    "precoPorQuantidade": "5,18€/kg",
                                    "link": "https://www.continente.pt/produto/bolachas-magic-dibus-com-recheio-de-chocolate-gullon-6956596.html?cgid=mercearias-bolachas-biscoitos-infantis",
                                    "imagem": "https://www.continente.pt/dw/image/v2/BDVS_PRD/on/demandware.static/-/Sites-col-master-catalog/default/dw5a964232/images/col/695/6956596-esquerdo.jpg?sw=280&sh=280"
                                },
                                {
                                    "marca": "Gullón",
                                    "descricao": "Bolachas Magic Dibus Mix & Go com Recheio de Chocolate",
                                    "preco": "1,14€",
                                    "preco_antigo": null,
                                    "quantidade": "emb. 208 gr (5 un)",
                                    "precoPorQuantidade": "5,48€/kg",
                                    "link": "https://www.continente.pt/produto/bolachas-magic-dibus-mix-go-com-recheio-de-chocolate-gullon-7501512.html?cgid=mercearias-bolachas-biscoitos-infantis",
                                    "imagem": "https://www.continente.pt/dw/image/v2/BDVS_PRD/on/demandware.static/-/Sites-col-master-catalog/default/dwce85ce0b/images/col/750/7501512-direito.jpg?sw=280&sh=280"
                                },
                                {
                                    "marca": "Cuétara",
                                    "descricao": "Bolachas Recheadas Choco Flakes Duo",
                                    "preco": "2,39€",
                                    "preco_antigo": null,
                                    "quantidade": "emb. 420 gr",
                                    "precoPorQuantidade": "5,69€/kg",
                                    "link": "https://www.continente.pt/produto/bolachas-recheadas-choco-flakes-duo-cuetara-7528060.html?cgid=mercearias-bolachas-biscoitos-infantis",
                                    "imagem": "https://www.continente.pt/dw/image/v2/BDVS_PRD/on/demandware.static/-/Sites-col-master-catalog/default/dwa9e25200/images/col/752/7528060-direito.jpg?sw=280&sh=280"
                                },
                                {
                                    "marca": "Cuétara",
                                    "descricao": "Bolachas Recheadas Choco Flakes",
                                    "preco": "2,99€",
                                    "preco_antigo": null,
                                    "quantidade": "emb. 500 gr",
                                    "precoPorQuantidade": "5,98€/kg",
                                    "link": "https://www.continente.pt/produto/bolachas-recheadas-choco-flakes-cuetara-2601427.html?cgid=mercearias-bolachas-biscoitos-infantis",
                                    "imagem": "https://www.continente.pt/dw/image/v2/BDVS_PRD/on/demandware.static/-/Sites-col-master-catalog/default/dwfb49c766/images/col/260/2601427-esquerdo.jpg?sw=280&sh=280"
                                },
                                {
                                    "marca": "Artiach",
                                    "descricao": "Bolachas Dinossauros sem Açúcar",
                                    "preco": "1,14€",
                                    "preco_antigo": null,
                                    "quantidade": "emb. 185 gr (6 un)",
                                    "precoPorQuantidade": "6,16€/kg",
                                    "link": "https://www.continente.pt/produto/bolachas-dinossauros-sem-acucar-artiach-6643595.html?cgid=mercearias-bolachas-biscoitos-infantis",
                                    "imagem": "https://www.continente.pt/dw/image/v2/BDVS_PRD/on/demandware.static/-/Sites-col-master-catalog/default/dwee89d1ce/images/col/664/6643595-frente.jpg?sw=280&sh=280"
                                },
                                {
                                    "marca": "Continente",
                                    "descricao": "Bolachas com Recheio de Chocolate",
                                    "preco": "0,99€",
                                    "preco_antigo": null,
                                    "quantidade": "emb. 154 gr",
                                    "precoPorQuantidade": "6,43€/kg",
                                    "link": "https://www.continente.pt/produto/bolachas-com-recheio-de-chocolate-continente-7421307.html?cgid=mercearias-bolachas-biscoitos-infantis",
                                    "imagem": "https://www.continente.pt/dw/image/v2/BDVS_PRD/on/demandware.static/-/Sites-col-master-catalog/default/dwa0bb1005/images/col/742/7421307-frente.jpg?sw=280&sh=280"
                                },
                                {
                                    "marca": "Cuétara",
                                    "descricao": "Tosta Rica Mini Go",
                                    "preco": "1,59€",
                                    "preco_antigo": null,
                                    "quantidade": "emb. 240 gr (8 un)",
                                    "precoPorQuantidade": "6,63€/kg",
                                    "link": "https://www.continente.pt/produto/tosta-rica-mini-go-cuetara-4417087.html?cgid=mercearias-bolachas-biscoitos-infantis",
                                    "imagem": "https://www.continente.pt/dw/image/v2/BDVS_PRD/on/demandware.static/-/Sites-col-master-catalog/default/dw2dfeba2d/images/col/441/4417087-frente.jpg?sw=280&sh=280"
                                },
                                {
                                    "marca": "Prince",
                                    "descricao": "Bolachas Sandwich Chocolate",
                                    "preco": "1,99€",
                                    "preco_antigo": null,
                                    "quantidade": "emb. 300 gr",
                                    "precoPorQuantidade": "6,63€/kg",
                                    "link": "https://www.continente.pt/produto/bolachas-sandwich-chocolate-prince-7335932.html?cgid=mercearias-bolachas-biscoitos-infantis",
                                    "imagem": "https://www.continente.pt/dw/image/v2/BDVS_PRD/on/demandware.static/-/Sites-col-master-catalog/default/dwcc7d6ba8/images/col/733/7335932-frente.jpg?sw=280&sh=280"
                                },
                                {
                                    "marca": "Gullón",
                                    "descricao": "Bolachas Dibus Magic Cobertas com Chocolate de Leite",
                                    "preco": "1,64€",
                                    "preco_antigo": null,
                                    "quantidade": "emb. 240 gr (6 un)",
                                    "precoPorQuantidade": "6,83€/kg",
                                    "link": "https://www.continente.pt/produto/bolachas-dibus-magic-cobertas-com-chocolate-de-leite-gullon-7213882.html?cgid=mercearias-bolachas-biscoitos-infantis",
                                    "imagem": "https://www.continente.pt/dw/image/v2/BDVS_PRD/on/demandware.static/-/Sites-col-master-catalog/default/dw5af8f1ab/images/col/721/7213882-frente.jpg?sw=280&sh=280"
                                },
                                {
                                    "marca": "Artiach",
                                    "descricao": "Bolachas Dinossauros",
                                    "preco": "1,35€",
                                    "preco_antigo": null,
                                    "quantidade": "emb. 185 gr (6 un)",
                                    "precoPorQuantidade": "7,30€/kg",
                                    "link": "https://www.continente.pt/produto/bolachas-dinossauros-artiach-4276091.html?cgid=mercearias-bolachas-biscoitos-infantis",
                                    "imagem": "https://www.continente.pt/dw/image/v2/BDVS_PRD/on/demandware.static/-/Sites-col-master-catalog/default/dwa7973dad/images/col/427/4276091-esquerdo.jpg?sw=280&sh=280"
                                },
                                {
                                    "marca": "Cuétara",
                                    "descricao": "Bolachas com Recheio de Leite e Cacau Tosta Rica Choco Guay",
                                    "preco": "1,24€",
                                    "preco_antigo": null,
                                    "quantidade": "emb. 168 gr (4 un)",
                                    "precoPorQuantidade": "7,38€/kg",
                                    "link": "https://www.continente.pt/produto/bolachas-com-recheio-de-leite-e-cacau-tosta-rica-choco-guay-cuetara-2384858.html?cgid=mercearias-bolachas-biscoitos-infantis",
                                    "imagem": "https://www.continente.pt/dw/image/v2/BDVS_PRD/on/demandware.static/-/Sites-col-master-catalog/default/dw84c29bfa/images/col/238/2384858-frente.jpg?sw=280&sh=280"
                                },
                                {
                                    "marca": "Continente",
                                    "descricao": "Bolachas Mini Recheadas Baunilha",
                                    "preco": "1,19€",
                                    "preco_antigo": "1,49€",
                                    "quantidade": "emb. 160 gr (4 un)",
                                    "precoPorQuantidade": "7,44€/kg",
                                    "link": "https://www.continente.pt/produto/bolachas-mini-recheadas-baunilha-continente-7358220.html?cgid=mercearias-bolachas-biscoitos-infantis",
                                    "imagem": "https://www.continente.pt/dw/image/v2/BDVS_PRD/on/demandware.static/-/Sites-col-master-catalog/default/dw5667ad13/images/col/735/7358220-frente.jpg?sw=280&sh=280"
                                },
                                {
                                    "marca": "Continente",
                                    "descricao": "Bolachas Mini Recheadas Chocolate",
                                    "preco": "1,19€",
                                    "preco_antigo": "1,49€",
                                    "quantidade": "emb. 160 gr (4 un)",
                                    "precoPorQuantidade": "7,44€/kg",
                                    "link": "https://www.continente.pt/produto/bolachas-mini-recheadas-chocolate-continente-7358269.html?cgid=mercearias-bolachas-biscoitos-infantis",
                                    "imagem": "https://www.continente.pt/dw/image/v2/BDVS_PRD/on/demandware.static/-/Sites-col-master-catalog/default/dw58fcfecc/images/col/735/7358269-frente.jpg?sw=280&sh=280"
                                },
                                {
                                    "marca": "Prince",
                                    "descricao": "Bolachas Mini Diver com Recheio de Chocolate",
                                    "preco": "1,49€",
                                    "preco_antigo": null,
                                    "quantidade": "emb. 178 gr (5 un)",
                                    "precoPorQuantidade": "8,37€/kg",
                                    "link": "https://www.continente.pt/produto/bolachas-mini-diver-com-recheio-de-chocolate-prince-7156927.html?cgid=mercearias-bolachas-biscoitos-infantis",
                                    "imagem": "https://www.continente.pt/dw/image/v2/BDVS_PRD/on/demandware.static/-/Sites-col-master-catalog/default/dw31d4f7fa/images/col/715/7156927-esquerdo.jpg?sw=280&sh=280"
                                },
                                {
                                    "marca": "Cuétara",
                                    "descricao": "Bolachas Choco Flakes Callejeros",
                                    "preco": "2,14€",
                                    "preco_antigo": null,
                                    "quantidade": "emb. 250 gr (5 un)",
                                    "precoPorQuantidade": "8,56€/kg",
                                    "link": "https://www.continente.pt/produto/bolachas-choco-flakes-callejeros-cuetara-4417066.html?cgid=mercearias-bolachas-biscoitos-infantis",
                                    "imagem": "https://www.continente.pt/dw/image/v2/BDVS_PRD/on/demandware.static/-/Sites-col-master-catalog/default/dw61bf79e8/images/col/441/4417066-frente.jpg?sw=280&sh=280"
                                },
                                {
                                    "marca": "Prince",
                                    "descricao": "Bolachas Mini",
                                    "preco": "1,49€",
                                    "preco_antigo": null,
                                    "quantidade": "emb. 160 gr (4 un)",
                                    "precoPorQuantidade": "9,31€/kg",
                                    "link": "https://www.continente.pt/produto/bolachas-mini-prince-6823764.html?cgid=mercearias-bolachas-biscoitos-infantis",
                                    "imagem": "https://www.continente.pt/dw/image/v2/BDVS_PRD/on/demandware.static/-/Sites-col-master-catalog/default/dw00f6ea46/images/col/682/6823764-cima.jpg?sw=280&sh=280"
                                },
                                {
                                    "marca": "Prince",
                                    "descricao": "Bolachas Mini Estrelas Chocolate Branco",
                                    "preco": "1,79€",
                                    "preco_antigo": null,
                                    "quantidade": "emb. 187 gr (5 un)",
                                    "precoPorQuantidade": "9,57€/kg",
                                    "link": "https://www.continente.pt/produto/bolachas-mini-estrelas-chocolate-branco-prince-6823765.html?cgid=mercearias-bolachas-biscoitos-infantis",
                                    "imagem": "https://www.continente.pt/dw/image/v2/BDVS_PRD/on/demandware.static/-/Sites-col-master-catalog/default/dwa5a6665e/images/col/682/6823765-cima.jpg?sw=280&sh=280"
                                },
                                {
                                    "marca": "Prince",
                                    "descricao": "Bolachas Mini Estrelas Chocolate de Leite",
                                    "preco": "1,79€",
                                    "preco_antigo": null,
                                    "quantidade": "emb. 187 gr (5 un)",
                                    "precoPorQuantidade": "9,57€/kg",
                                    "link": "https://www.continente.pt/produto/bolachas-mini-estrelas-chocolate-de-leite-prince-6823766.html?cgid=mercearias-bolachas-biscoitos-infantis",
                                    "imagem": "https://www.continente.pt/dw/image/v2/BDVS_PRD/on/demandware.static/-/Sites-col-master-catalog/default/dwc4be2983/images/col/682/6823766-cima.jpg?sw=280&sh=280"
                                },
                                {
                                    "marca": "Cuétara",
                                    "descricao": "Bolachas de Chocolate Tosta Rica Oceanix",
                                    "preco": "1,54€",
                                    "preco_antigo": null,
                                    "quantidade": "emb. 160 gr",
                                    "precoPorQuantidade": "9,63€/kg",
                                    "link": "https://www.continente.pt/produto/bolachas-de-chocolate-tosta-rica-oceanix-cuetara-4949426.html?cgid=mercearias-bolachas-biscoitos-infantis",
                                    "imagem": "https://www.continente.pt/dw/image/v2/BDVS_PRD/on/demandware.static/-/Sites-col-master-catalog/default/dwc0ae1ab7/images/col/494/4949426-direito.jpg?sw=280&sh=280"
                                },
                                {
                                    "marca": "Artiach",
                                    "descricao": "Bolachas Dinossauros de Chocolate de Leite",
                                    "preco": "3,29€",
                                    "preco_antigo": null,
                                    "quantidade": "emb. 340 gr (8 un)",
                                    "precoPorQuantidade": "9,68€/kg",
                                    "link": "https://www.continente.pt/produto/bolachas-dinossauros-de-chocolate-de-leite-artiach-5577553.html?cgid=mercearias-bolachas-biscoitos-infantis",
                                    "imagem": "https://www.continente.pt/dw/image/v2/BDVS_PRD/on/demandware.static/-/Sites-col-master-catalog/default/dw6ba8d813/images/col/557/5577553-esquerdo.jpg?sw=280&sh=280"
                                },
                                {
                                    "marca": "Cuétara",
                                    "descricao": "Bolachas Tosta Rica Oceanix de Chocolate",
                                    "preco": "1,84€",
                                    "preco_antigo": null,
                                    "quantidade": "emb. 165 gr",
                                    "precoPorQuantidade": "11,15€/kg",
                                    "link": "https://www.continente.pt/produto/bolachas-tosta-rica-oceanix-de-chocolate-cuetara-6935361.html?cgid=mercearias-bolachas-biscoitos-infantis",
                                    "imagem": "https://www.continente.pt/dw/image/v2/BDVS_PRD/on/demandware.static/-/Sites-col-master-catalog/default/dwf57a7154/images/col/693/6935361-frente.jpg?sw=280&sh=280"
                                },
                                {
                                    "marca": "Vieira",
                                    "descricao": "Bolachas Maria Júnior sem Lactose",
                                    "preco": "3,34€",
                                    "preco_antigo": null,
                                    "quantidade": "emb. 276 gr (12 un)",
                                    "precoPorQuantidade": "12,10€/kg",
                                    "link": "https://www.continente.pt/produto/bolachas-maria-junior-sem-lactose-vieira-4612921.html?cgid=mercearias-bolachas-biscoitos-infantis",
                                    "imagem": "https://www.continente.pt/dw/image/v2/BDVS_PRD/on/demandware.static/-/Sites-col-master-catalog/default/dw21018e7e/images/col/461/4612921-esquerdo.jpg?sw=280&sh=280"
                                },
                                {
                                    "marca": "Cuétara",
                                    "descricao": "Bolachas Flakes Nocilla",
                                    "preco": "2,14€",
                                    "preco_antigo": null,
                                    "quantidade": "emb. 175 gr (5 un)",
                                    "precoPorQuantidade": "12,23€/kg",
                                    "link": "https://www.continente.pt/produto/bolachas-flakes-nocilla-cuetara-4540938.html?cgid=mercearias-bolachas-biscoitos-infantis",
                                    "imagem": "https://www.continente.pt/dw/image/v2/BDVS_PRD/on/demandware.static/-/Sites-col-master-catalog/default/dwbd4110ae/images/col/454/4540938-esquerdo.jpg?sw=280&sh=280"
                                },
                                {
                                    "marca": "Artiach",
                                    "descricao": "Bolachas Ositos com Mel",
                                    "preco": "2,09€",
                                    "preco_antigo": null,
                                    "quantidade": "emb. 160 gr (4 un)",
                                    "precoPorQuantidade": "13,06€/kg",
                                    "link": "https://www.continente.pt/produto/bolachas-ositos-com-mel-artiach-2811690.html?cgid=mercearias-bolachas-biscoitos-infantis",
                                    "imagem": "https://www.continente.pt/dw/image/v2/BDVS_PRD/on/demandware.static/-/Sites-col-master-catalog/default/dwabc9bf82/images/col/281/2811690-direito.jpg?sw=280&sh=280"
                                },
                                {
                                    "marca": "Artiach",
                                    "descricao": "Bolachas Ositos com Chocolate",
                                    "preco": "2,09€",
                                    "preco_antigo": null,
                                    "quantidade": "emb. 160 gr (4 un)",
                                    "precoPorQuantidade": "13,06€/kg",
                                    "link": "https://www.continente.pt/produto/bolachas-ositos-com-chocolate-artiach-2811688.html?cgid=mercearias-bolachas-biscoitos-infantis",
                                    "imagem": "https://www.continente.pt/dw/image/v2/BDVS_PRD/on/demandware.static/-/Sites-col-master-catalog/default/dw73ab1b16/images/col/281/2811688-direito.jpg?sw=280&sh=280"
                                },
                                {
                                    "marca": "Artiach",
                                    "descricao": "Bolachas Dinosaurus Ovos",
                                    "preco": "2,09€",
                                    "preco_antigo": null,
                                    "quantidade": "emb. 140 gr (4 un)",
                                    "precoPorQuantidade": "14,93€/kg",
                                    "link": "https://www.continente.pt/produto/bolachas-dinosaurus-ovos-artiach-5505351.html?cgid=mercearias-bolachas-biscoitos-infantis",
                                    "imagem": "https://www.continente.pt/dw/image/v2/BDVS_PRD/on/demandware.static/-/Sites-col-master-catalog/default/dw8f70886c/images/col/550/5505351-esquerdo.jpg?sw=280&sh=280"
                                },
                                {
                                    "marca": "Artiach",
                                    "descricao": "Bolachas Mini Dinossauros Chocolate",
                                    "preco": "1,89€",
                                    "preco_antigo": null,
                                    "quantidade": "emb. 120 gr (3 un)",
                                    "precoPorQuantidade": "15,75€/kg",
                                    "link": "https://www.continente.pt/produto/bolachas-mini-dinossauros-chocolate-artiach-4951644.html?cgid=mercearias-bolachas-biscoitos-infantis",
                                    "imagem": "https://www.continente.pt/dw/image/v2/BDVS_PRD/on/demandware.static/-/Sites-col-master-catalog/default/dw453575e8/images/col/495/4951644-direito.jpg?sw=280&sh=280"
                                },
                                {
                                    "marca": "Artiach",
                                    "descricao": "Bolachas Mini Dinossauros Cereais",
                                    "preco": "1,89€",
                                    "preco_antigo": null,
                                    "quantidade": "emb. 120 gr (3 un)",
                                    "precoPorQuantidade": "15,75€/kg",
                                    "link": "https://www.continente.pt/produto/bolachas-mini-dinossauros-cereais-artiach-4951641.html?cgid=mercearias-bolachas-biscoitos-infantis",
                                    "imagem": "https://www.continente.pt/dw/image/v2/BDVS_PRD/on/demandware.static/-/Sites-col-master-catalog/default/dwf5085336/images/col/495/4951641-direito.jpg?sw=280&sh=280"
                                },
                                {
                                    "marca": "Kinder",
                                    "descricao": "Bolachas Cards",
                                    "preco": "2,49€",
                                    "preco_antigo": null,
                                    "quantidade": "emb. 131 gr (5 un)",
                                    "precoPorQuantidade": "19,01€/kg",
                                    "link": "https://www.continente.pt/produto/bolachas-cards-kinder-7073670.html?cgid=mercearias-bolachas-biscoitos-infantis",
                                    "imagem": "https://www.continente.pt/dw/image/v2/BDVS_PRD/on/demandware.static/-/Sites-col-master-catalog/default/dwdb206314/images/col/707/7073670-frente.jpg?sw=280&sh=280"
                                },
                                {
                                    "marca": "Nesquik",
                                    "descricao": "Snack Nesquik",
                                    "preco": "1,99€",
                                    "preco_antigo": null,
                                    "quantidade": "emb. 104 gr (4 un)",
                                    "precoPorQuantidade": "19,13€/kg",
                                    "link": "https://www.continente.pt/produto/snack-nesquik-nesquik-5441237.html?cgid=mercearias-bolachas-biscoitos-infantis",
                                    "imagem": "https://www.continente.pt/dw/image/v2/BDVS_PRD/on/demandware.static/-/Sites-col-master-catalog/default/dwd8b8ef16/images/col/544/5441237-frente.jpg?sw=280&sh=280"
                                },
                                {
                                    "marca": "Leibniz",
                                    "descricao": "Bolacha Espelta e Maçã",
                                    "preco": "2,69€",
                                    "preco_antigo": null,
                                    "quantidade": "emb. 100 gr",
                                    "precoPorQuantidade": "26,90€/kg",
                                    "link": "https://www.continente.pt/produto/bolacha-espelta-e-maca-leibniz-7619621.html?cgid=mercearias-bolachas-biscoitos-infantis",
                                    "imagem": "https://www.continente.pt/dw/image/v2/BDVS_PRD/on/demandware.static/-/Sites-col-master-catalog/default/dw058596d7/images/col/761/7619621-direito.jpg?sw=280&sh=280"
                                },
                                {
                                    "marca": "Leibniz",
                                    "descricao": "Bolacha Espelta e Banana",
                                    "preco": "2,69€",
                                    "preco_antigo": null,
                                    "quantidade": "emb. 100 gr",
                                    "precoPorQuantidade": "26,90€ /kg",
                                    "link": "https://www.continente.pt/produto/bolacha-espelta-e-banana-leibniz-7619619.html?cgid=mercearias-bolachas-biscoitos-infantis",
                                    "imagem": "https://www.continente.pt/dw/image/v2/BDVS_PRD/on/demandware.static/-/Sites-col-master-catalog/default/dw5e3e69bb/images/col/761/7619619-direito.jpg?sw=280&sh=280"
                                }
                            ]
                        },
                        {
                            "name": "Bolachas de Manteiga",
                            "items": [
                                {
                                    "marca": "Continente",
                                    "descricao": "Bolachas Roscas Simples",
                                    "preco": "1,79€",
                                    "preco_antigo": null,
                                    "quantidade": "emb. 400 gr",
                                    "precoPorQuantidade": "4,48€/kg",
                                    "link": "https://www.continente.pt/produto/bolachas-roscas-simples-continente-7195542.html?cgid=mercearias-bolachas-biscoitos-manteiga",
                                    "imagem": "https://www.continente.pt/dw/image/v2/BDVS_PRD/on/demandware.static/-/Sites-col-master-catalog/default/dw1d81430f/images/col/719/7195542-frente.jpg?sw=280&sh=280"
                                },
                                {
                                    "marca": "Continente",
                                    "descricao": "Bolachas Roscas de Chocolate e Amêndoa",
                                    "preco": "1,79€",
                                    "preco_antigo": null,
                                    "quantidade": "emb. 300 gr",
                                    "precoPorQuantidade": "5,97€/kg",
                                    "link": "https://www.continente.pt/produto/bolachas-roscas-de-chocolate-e-amendoa-continente-7195545.html?cgid=mercearias-bolachas-biscoitos-manteiga",
                                    "imagem": "https://www.continente.pt/dw/image/v2/BDVS_PRD/on/demandware.static/-/Sites-col-master-catalog/default/dwbb058599/images/col/719/7195545-frente.jpg?sw=280&sh=280"
                                },
                                {
                                    "marca": "Continente",
                                    "descricao": "Bolachas Belgas",
                                    "preco": "3,38€",
                                    "preco_antigo": null,
                                    "quantidade": "emb. 500 gr",
                                    "precoPorQuantidade": "6,76€/kg",
                                    "link": "https://www.continente.pt/produto/bolachas-belgas-continente-4229131.html?cgid=mercearias-bolachas-biscoitos-manteiga",
                                    "imagem": "https://www.continente.pt/dw/image/v2/BDVS_PRD/on/demandware.static/-/Sites-col-master-catalog/default/dwfee41f62/images/col/422/4229131-hero.jpg?sw=280&sh=280"
                                },
                                {
                                    "marca": "Continente",
                                    "descricao": "Bolachas de Manteiga Butter Cookies",
                                    "preco": "3,39€",
                                    "preco_antigo": null,
                                    "quantidade": "emb. 454 gr",
                                    "precoPorQuantidade": "7,47€/kg",
                                    "link": "https://www.continente.pt/produto/bolachas-de-manteiga-butter-cookies-continente-7082116.html?cgid=mercearias-bolachas-biscoitos-manteiga",
                                    "imagem": "https://www.continente.pt/dw/image/v2/BDVS_PRD/on/demandware.static/-/Sites-col-master-catalog/default/dw57b61de1/images/col/708/7082116-hero.jpg?sw=280&sh=280"
                                },
                                {
                                    "marca": "Saborosa",
                                    "descricao": "Bolachas Belgas",
                                    "preco": "1,99€",
                                    "preco_antigo": null,
                                    "quantidade": "emb. 220 gr(6 un)",
                                    "precoPorQuantidade": "9,05€/kg",
                                    "link": "https://www.continente.pt/produto/bolachas-belgas-saborosa-5508158.html?cgid=mercearias-bolachas-biscoitos-manteiga",
                                    "imagem": "https://www.continente.pt/dw/image/v2/BDVS_PRD/on/demandware.static/-/Sites-col-master-catalog/default/dw7b7f45c6/images/col/550/5508158-direito.jpg?sw=280&sh=280"
                                },
                                {
                                    "marca": "Saborosa",
                                    "descricao": "Bolachas Belgas Mini Bites Original",
                                    "preco": "1,49€",
                                    "preco_antigo": null,
                                    "quantidade": "emb. 150 gr (5 un)",
                                    "precoPorQuantidade": "9,93€/kg",
                                    "link": "https://www.continente.pt/produto/bolachas-belgas-mini-bites-original-saborosa-7335148.html?cgid=mercearias-bolachas-biscoitos-manteiga",
                                    "imagem": "https://www.continente.pt/dw/image/v2/BDVS_PRD/on/demandware.static/-/Sites-col-master-catalog/default/dw01d42429/images/col/733/7335148-esquerdo.jpg?sw=280&sh=280"
                                },
                                {
                                    "marca": "Saborosa",
                                    "descricao": "Bolachas Belgas Cobertas com Chocolate",
                                    "preco": "1,99€",
                                    "preco_antigo": null,
                                    "quantidade": "emb. 198 gr (6 un)",
                                    "precoPorQuantidade": "10,05€/kg",
                                    "link": "https://www.continente.pt/produto/bolachas-belgas-cobertas-com-chocolate-saborosa-5638662.html?cgid=mercearias-bolachas-biscoitos-manteiga",
                                    "imagem": "https://www.continente.pt/dw/image/v2/BDVS_PRD/on/demandware.static/-/Sites-col-master-catalog/default/dw3a278045/images/col/563/5638662-direito.jpg?sw=280&sh=280"
                                },
                                {
                                    "marca": "Triunfo",
                                    "descricao": "Bolachas de Manteiga",
                                    "preco": "1,89€",
                                    "preco_antigo": null,
                                    "quantidade": "emb. 168 gr",
                                    "precoPorQuantidade": "11,25€/kg",
                                    "link": "https://www.continente.pt/produto/bolachas-de-manteiga-triunfo-5330563.html?cgid=mercearias-bolachas-biscoitos-manteiga",
                                    "imagem": "https://www.continente.pt/dw/image/v2/BDVS_PRD/on/demandware.static/-/Sites-col-master-catalog/default/dw1045d990/images/col/533/5330563-frente.jpg?sw=280&sh=280"
                                },
                                {
                                    "marca": "DanCake",
                                    "descricao": "Bolachas Butter Cookies Lata Clássica",
                                    "preco": "6,29€",
                                    "preco_antigo": null,
                                    "quantidade": "emb. 454 gr",
                                    "precoPorQuantidade": "13,85€/kg",
                                    "link": "https://www.continente.pt/produto/bolachas-butter-cookies-lata-classica-dancake-7027181.html?cgid=mercearias-bolachas-biscoitos-manteiga",
                                    "imagem": "https://www.continente.pt/dw/image/v2/BDVS_PRD/on/demandware.static/-/Sites-col-master-catalog/default/dw5ff0e181/images/col/702/7027181-cima.jpg?sw=280&sh=280"
                                },
                                {
                                    "marca": "DanCake",
                                    "descricao": "Bolachas Butter Cookies Lata Clássica",
                                    "preco": "4,99€",
                                    "preco_antigo": null,
                                    "quantidade": "emb. 340 gr",
                                    "precoPorQuantidade": "14,68€/kg",
                                    "link": "https://www.continente.pt/produto/bolachas-butter-cookies-lata-classica-dancake-7027190.html?cgid=mercearias-bolachas-biscoitos-manteiga",
                                    "imagem": "https://www.continente.pt/dw/image/v2/BDVS_PRD/on/demandware.static/-/Sites-col-master-catalog/default/dw63783b9e/images/col/702/7027190-frente.jpg?sw=280&sh=280"
                                },
                                {
                                    "marca": "Prozis",
                                    "descricao": "Bolachas Sem Açúcar",
                                    "preco": "2,99€",
                                    "preco_antigo": null,
                                    "quantidade": "emb. 170 gr (5 un)",
                                    "precoPorQuantidade": "17,59€/kg",
                                    "link": "https://www.continente.pt/produto/bolachas-sem-acucar-prozis-7544266.html?cgid=mercearias-bolachas-biscoitos-manteiga",
                                    "imagem": "https://www.continente.pt/dw/image/v2/BDVS_PRD/on/demandware.static/-/Sites-col-master-catalog/default/dw42b29fac/images/col/754/7544266-frente.jpg?sw=280&sh=280"
                                },
                                {
                                    "marca": "Walkers",
                                    "descricao": "Bolachas de Manteiga Shortbread",
                                    "preco": "3,99€",
                                    "preco_antigo": null,
                                    "quantidade": "emb. 150 gr",
                                    "precoPorQuantidade": "26,60€/kg",
                                    "link": "https://www.continente.pt/produto/bolachas-de-manteiga-shortbread-walkers-2391613.html?cgid=mercearias-bolachas-biscoitos-manteiga",
                                    "imagem": "https://www.continente.pt/dw/image/v2/BDVS_PRD/on/demandware.static/-/Sites-col-master-catalog/default/dw87ca9005/images/col/239/2391613-frente.jpg?sw=280&sh=280"
                                },
                                {
                                    "marca": "Walkers",
                                    "descricao": "Bolachas de Manteiga Short Triangles",
                                    "preco": "4,25€",
                                    "preco_antigo": null,
                                    "quantidade": "emb. 150 gr",
                                    "precoPorQuantidade": "28,33€/kg",
                                    "link": "https://www.continente.pt/produto/bolachas-de-manteiga-short-triangles-walkers-2391619.html?cgid=mercearias-bolachas-biscoitos-manteiga",
                                    "imagem": "https://www.continente.pt/dw/image/v2/BDVS_PRD/on/demandware.static/-/Sites-col-master-catalog/default/dwf055cbd3/images/col/239/2391619-frente.jpg?sw=280&sh=280"
                                }
                            ]
                        },
                        {
                            "name": "Maria, Torrada e Biscoitos",
                            "items": [
                                {
                                    "marca": "Continente",
                                    "descricao": "Bolachas Torradas",
                                    "preco": "1,49€",
                                    "preco_antigo": null,
                                    "quantidade": "emb. 800 gr (4 un)",
                                    "precoPorQuantidade": "1,86€/kg",
                                    "link": "https://www.continente.pt/produto/bolachas-torradas-continente-4898544.html?cgid=mercearias-bolachas-biscoitos-maria",
                                    "imagem": "https://www.continente.pt/dw/image/v2/BDVS_PRD/on/demandware.static/-/Sites-col-master-catalog/default/dwf9baa698/images/col/489/4898544-hero.jpg?sw=280&sh=280"
                                },
                                {
                                    "marca": "Continente",
                                    "descricao": "Bolachas Maria",
                                    "preco": "1,49€",
                                    "preco_antigo": null,
                                    "quantidade": "emb. 800 gr (4 un)",
                                    "precoPorQuantidade": "1,86€/kg",
                                    "link": "https://www.continente.pt/produto/bolachas-maria-continente-6715842.html?cgid=mercearias-bolachas-biscoitos-maria",
                                    "imagem": "https://www.continente.pt/dw/image/v2/BDVS_PRD/on/demandware.static/-/Sites-col-master-catalog/default/dweb1ced13/images/col/671/6715842-frente.jpg?sw=280&sh=280"
                                },
                                {
                                    "marca": "Continente",
                                    "descricao": "Bolachas Tostadas",
                                    "preco": "1,59€",
                                    "preco_antigo": null,
                                    "quantidade": "emb. 800 gr (4 un)",
                                    "precoPorQuantidade": "1,99€/kg",
                                    "link": "https://www.continente.pt/produto/bolachas-tostadas-continente-7143964.html?cgid=mercearias-bolachas-biscoitos-maria",
                                    "imagem": "https://www.continente.pt/dw/image/v2/BDVS_PRD/on/demandware.static/-/Sites-col-master-catalog/default/dw6af858f7/images/col/714/7143964-hero.jpg?sw=280&sh=280"
                                },
                                {
                                    "marca": "Continente",
                                    "descricao": "Bolacha Maria Dourada",
                                    "preco": "1,69€",
                                    "preco_antigo": null,
                                    "quantidade": "emb. 800 gr (4 un)",
                                    "precoPorQuantidade": "2,11€/kg",
                                    "link": "https://www.continente.pt/produto/bolacha-maria-dourada-continente-7384607.html?cgid=mercearias-bolachas-biscoitos-maria",
                                    "imagem": "https://www.continente.pt/dw/image/v2/BDVS_PRD/on/demandware.static/-/Sites-col-master-catalog/default/dwe18553e4/images/col/738/7384607-frente.jpg?sw=280&sh=280"
                                },
                                {
                                    "marca": "Continente",
                                    "descricao": "Biscoitos de Canela",
                                    "preco": "1,99€",
                                    "preco_antigo": null,
                                    "quantidade": "emb. 750 gr",
                                    "precoPorQuantidade": "2,65€/kg",
                                    "link": "https://www.continente.pt/produto/biscoitos-de-canela-continente-4652285.html?cgid=mercearias-bolachas-biscoitos-maria",
                                    "imagem": "https://www.continente.pt/dw/image/v2/BDVS_PRD/on/demandware.static/-/Sites-col-master-catalog/default/dw7958ad45/images/col/465/4652285-frente.jpg?sw=280&sh=280"
                                },
                                {
                                    "marca": "Continente",
                                    "descricao": "Bolachas de Canela",
                                    "preco": "1,39€",
                                    "preco_antigo": null,
                                    "quantidade": "emb. 470 gr",
                                    "precoPorQuantidade": "2,96€/kg",
                                    "link": "https://www.continente.pt/produto/bolachas-de-canela-continente-4776648.html?cgid=mercearias-bolachas-biscoitos-maria",
                                    "imagem": "https://www.continente.pt/dw/image/v2/BDVS_PRD/on/demandware.static/-/Sites-col-master-catalog/default/dw0202018a/images/col/477/4776648-hero.jpg?sw=280&sh=280"
                                },
                                {
                                    "marca": "Continente",
                                    "descricao": "Biscoitos Lagartos",
                                    "preco": "2,49€",
                                    "preco_antigo": null,
                                    "quantidade": "emb. 750 gr",
                                    "precoPorQuantidade": "3,32€/kg",
                                    "link": "https://www.continente.pt/produto/biscoitos-lagartos-continente-6036897.html?cgid=mercearias-bolachas-biscoitos-maria",
                                    "imagem": "https://www.continente.pt/dw/image/v2/BDVS_PRD/on/demandware.static/-/Sites-col-master-catalog/default/dwef2efa47/images/col/603/6036897-frente.jpg?sw=280&sh=280"
                                },
                                {
                                    "marca": "Continente",
                                    "descricao": "Biscoitos de Cacau",
                                    "preco": "2,59€",
                                    "preco_antigo": null,
                                    "quantidade": "emb. 750 gr",
                                    "precoPorQuantidade": "3,45€/kg",
                                    "link": "https://www.continente.pt/produto/biscoitos-de-cacau-continente-4660709.html?cgid=mercearias-bolachas-biscoitos-maria",
                                    "imagem": "https://www.continente.pt/dw/image/v2/BDVS_PRD/on/demandware.static/-/Sites-col-master-catalog/default/dweff483dd/images/col/466/4660709-frente.jpg?sw=280&sh=280"
                                },
                                {
                                    "marca": "Gullón",
                                    "descricao": "Bolachas Maria",
                                    "preco": "2,79€",
                                    "preco_antigo": null,
                                    "quantidade": "emb. 800 gr (4 un)",
                                    "precoPorQuantidade": "3,49€/kg",
                                    "link": "https://www.continente.pt/produto/bolachas-maria-gullon-4854389.html?cgid=mercearias-bolachas-biscoitos-maria",
                                    "imagem": "https://www.continente.pt/dw/image/v2/BDVS_PRD/on/demandware.static/-/Sites-col-master-catalog/default/dw7da6ebe8/images/col/485/4854389-direito.jpg?sw=280&sh=280"
                                },
                                {
                                    "marca": "Gullón",
                                    "descricao": "Bolachas Tostadas",
                                    "preco": "2,79€",
                                    "preco_antigo": null,
                                    "quantidade": "emb. 800 gr (4 un)",
                                    "precoPorQuantidade": "3,49€/kg",
                                    "link": "https://www.continente.pt/produto/bolachas-tostadas-gullon-4018164.html?cgid=mercearias-bolachas-biscoitos-maria",
                                    "imagem": "https://www.continente.pt/dw/image/v2/BDVS_PRD/on/demandware.static/-/Sites-col-master-catalog/default/dw035b9bf1/images/col/401/4018164-direito.jpg?sw=280&sh=280"
                                },
                                {
                                    "marca": "Continente",
                                    "descricao": "Bolachas com Coco",
                                    "preco": "1,99€",
                                    "preco_antigo": null,
                                    "quantidade": "emb. 500 gr",
                                    "precoPorQuantidade": "3,98€/kg",
                                    "link": "https://www.continente.pt/produto/bolachas-com-coco-continente-5449781.html?cgid=mercearias-bolachas-biscoitos-maria",
                                    "imagem": "https://www.continente.pt/dw/image/v2/BDVS_PRD/on/demandware.static/-/Sites-col-master-catalog/default/dwda89388c/images/col/544/5449781-hero.jpg?sw=280&sh=280"
                                },
                                {
                                    "marca": "Artiach",
                                    "descricao": "Bolachas Chiquilín",
                                    "preco": "0,74€",
                                    "preco_antigo": null,
                                    "quantidade": "emb. 175 gr",
                                    "precoPorQuantidade": "4,23€/kg",
                                    "link": "https://www.continente.pt/produto/bolachas-chiquilin-artiach-5779022.html?cgid=mercearias-bolachas-biscoitos-maria",
                                    "imagem": "https://www.continente.pt/dw/image/v2/BDVS_PRD/on/demandware.static/-/Sites-col-master-catalog/default/dw8bf105af/images/col/577/5779022-frente.jpg?sw=280&sh=280"
                                },
                                {
                                    "marca": "Continente",
                                    "descricao": "Línguas de Gato",
                                    "preco": "1,09€",
                                    "preco_antigo": null,
                                    "quantidade": "emb. 265 gr",
                                    "precoPorQuantidade": "4,27€/kg",
                                    "link": "https://www.continente.pt/produto/linguas-de-gato-continente-7171491.html?cgid=mercearias-bolachas-biscoitos-maria",
                                    "imagem": "https://www.continente.pt/dw/image/v2/BDVS_PRD/on/demandware.static/-/Sites-col-master-catalog/default/dw7df7a4b4/images/col/717/7171491-frente.jpg?sw=280&sh=280"
                                },
                                {
                                    "marca": "Continente",
                                    "descricao": "Biscoitos Esses",
                                    "preco": "1,29€",
                                    "preco_antigo": null,
                                    "quantidade": "emb. 300 gr",
                                    "precoPorQuantidade": "4,30€/kg",
                                    "link": "https://www.continente.pt/produto/biscoitos-esses-continente-7164600.html?cgid=mercearias-bolachas-biscoitos-maria",
                                    "imagem": "https://www.continente.pt/dw/image/v2/BDVS_PRD/on/demandware.static/-/Sites-col-master-catalog/default/dwee6961fc/images/col/716/7164600-frente.jpg?sw=280&sh=280"
                                },
                                {
                                    "marca": "Cuétara",
                                    "descricao": "Bolachas Maria",
                                    "preco": "2,59€",
                                    "preco_antigo": null,
                                    "quantidade": "emb. 800 gr (4 un)",
                                    "precoPorQuantidade": "4,32€/kg",
                                    "link": "https://www.continente.pt/produto/bolachas-maria-cuetara-2060529.html?cgid=mercearias-bolachas-biscoitos-maria",
                                    "imagem": "https://www.continente.pt/dw/image/v2/BDVS_PRD/on/demandware.static/-/Sites-col-master-catalog/default/dwea277ead/images/col/206/2060529-frente.jpg?sw=280&sh=280"
                                },
                                {
                                    "marca": "Cuétara",
                                    "descricao": "Bolachas Maria",
                                    "preco": "0,89€",
                                    "preco_antigo": null,
                                    "quantidade": "emb. 200 gr",
                                    "precoPorQuantidade": "4,45€/kg",
                                    "link": "https://www.continente.pt/produto/bolachas-maria-cuetara-2003363.html?cgid=mercearias-bolachas-biscoitos-maria",
                                    "imagem": "https://www.continente.pt/dw/image/v2/BDVS_PRD/on/demandware.static/-/Sites-col-master-catalog/default/dwdb36bdd0/images/col/200/2003363-frente.jpg?sw=280&sh=280"
                                },
                                {
                                    "marca": "Continente",
                                    "descricao": "Biscoitos de Canela",
                                    "preco": "3,49€",
                                    "preco_antigo": null,
                                    "quantidade": "emb. 750 gr",
                                    "precoPorQuantidade": "4,65€/kg",
                                    "link": "https://www.continente.pt/produto/biscoitos-de-canela-continente-6527298.html?cgid=mercearias-bolachas-biscoitos-maria",
                                    "imagem": "https://www.continente.pt/dw/image/v2/BDVS_PRD/on/demandware.static/-/Sites-col-master-catalog/default/dw587235a5/images/col/652/6527298-cima.jpg?sw=280&sh=280"
                                },
                                {
                                    "marca": "Continente",
                                    "descricao": "Bolachas Maria",
                                    "preco": "1,49€",
                                    "preco_antigo": null,
                                    "quantidade": "emb. 300 gr (12 un)",
                                    "precoPorQuantidade": "4,97€/kg",
                                    "link": "https://www.continente.pt/produto/bolachas-maria-continente-3835004.html?cgid=mercearias-bolachas-biscoitos-maria",
                                    "imagem": "https://www.continente.pt/dw/image/v2/BDVS_PRD/on/demandware.static/-/Sites-col-master-catalog/default/dw360feecb/images/col/383/3835004-hero.jpg?sw=280&sh=280"
                                },
                                {
                                    "marca": "Cuétara",
                                    "descricao": "Bolachas Maria Oro",
                                    "preco": "2,99€",
                                    "preco_antigo": null,
                                    "quantidade": "emb.800 gr",
                                    "precoPorQuantidade": "4,98€/kg",
                                    "link": "https://www.continente.pt/produto/bolachas-maria-oro-cuetara-3836439.html?cgid=mercearias-bolachas-biscoitos-maria",
                                    "imagem": "https://www.continente.pt/dw/image/v2/BDVS_PRD/on/demandware.static/-/Sites-col-master-catalog/default/dw2494f96e/images/col/383/3836439-frente.jpg?sw=280&sh=280"
                                },
                                {
                                    "marca": "Cuétara",
                                    "descricao": "Bolachas Maria Oro Mel",
                                    "preco": "2,99€",
                                    "preco_antigo": null,
                                    "quantidade": "emb. 600 gr (3 un)",
                                    "precoPorQuantidade": "4,98€/kg",
                                    "link": "https://www.continente.pt/produto/bolachas-maria-oro-mel-cuetara-4865947.html?cgid=mercearias-bolachas-biscoitos-maria",
                                    "imagem": "https://www.continente.pt/dw/image/v2/BDVS_PRD/on/demandware.static/-/Sites-col-master-catalog/default/dw38ba2220/images/col/486/4865947-frente.jpg?sw=280&sh=280"
                                },
                                {
                                    "marca": "Cuétara",
                                    "descricao": "Bolachas Maria Oro",
                                    "preco": "1,04€",
                                    "preco_antigo": null,
                                    "quantidade": "emb. 200 gr",
                                    "precoPorQuantidade": "5,20€/kg",
                                    "link": "https://www.continente.pt/produto/bolachas-maria-oro-cuetara-2003367.html?cgid=mercearias-bolachas-biscoitos-maria",
                                    "imagem": "https://www.continente.pt/dw/image/v2/BDVS_PRD/on/demandware.static/-/Sites-col-master-catalog/default/dw7cb3c0cb/images/col/200/2003367-frente.jpg?sw=280&sh=280"
                                },
                                {
                                    "marca": "Continente",
                                    "descricao": "Bolacha Shortcake",
                                    "preco": "0,99€",
                                    "preco_antigo": null,
                                    "quantidade": "emb. 185 gr",
                                    "precoPorQuantidade": "5,35€/kg",
                                    "link": "https://www.continente.pt/produto/bolacha-shortcake-continente-7334333.html?cgid=mercearias-bolachas-biscoitos-maria",
                                    "imagem": "https://www.continente.pt/dw/image/v2/BDVS_PRD/on/demandware.static/-/Sites-col-master-catalog/default/dw091cfeff/images/col/733/7334333-frente.jpg?sw=280&sh=280"
                                },
                                {
                                    "marca": "Triunfo",
                                    "descricao": "Bolachas Maria",
                                    "preco": "1,09€",
                                    "preco_antigo": null,
                                    "quantidade": "emb. 200 gr",
                                    "precoPorQuantidade": "5,45€/kg",
                                    "link": "https://www.continente.pt/produto/bolachas-maria-triunfo-5306572.html?cgid=mercearias-bolachas-biscoitos-maria",
                                    "imagem": "https://www.continente.pt/dw/image/v2/BDVS_PRD/on/demandware.static/-/Sites-col-master-catalog/default/dw1f4d1ded/images/col/530/5306572-frente.jpg?sw=280&sh=280"
                                },
                                {
                                    "marca": "Nacional",
                                    "descricao": "Bolachas Torradas",
                                    "preco": "1,09€",
                                    "preco_antigo": null,
                                    "quantidade": "emb. 200 gr",
                                    "precoPorQuantidade": "5,45€/kg",
                                    "link": "https://www.continente.pt/produto/bolachas-torradas-nacional-5762459.html?cgid=mercearias-bolachas-biscoitos-maria",
                                    "imagem": "https://www.continente.pt/dw/image/v2/BDVS_PRD/on/demandware.static/-/Sites-col-master-catalog/default/dwb860ed7b/images/col/576/5762459-hero.jpg?sw=280&sh=280"
                                },
                                {
                                    "marca": "Continente",
                                    "descricao": "Broas da Avó",
                                    "preco": "2,00€",
                                    "preco_antigo": null,
                                    "quantidade": "emb. 350 gr",
                                    "precoPorQuantidade": "5,71€/kg",
                                    "link": "https://www.continente.pt/produto/broas-da-avo-continente-5659165.html?cgid=mercearias-bolachas-biscoitos-maria",
                                    "imagem": "https://www.continente.pt/dw/image/v2/BDVS_PRD/on/demandware.static/-/Sites-col-master-catalog/default/dwe23c40c0/images/col/565/5659165-frente.jpg?sw=280&sh=280"
                                },
                                {
                                    "marca": "Gullón",
                                    "descricao": "Bolachas Maria Dorada",
                                    "preco": "3,44€",
                                    "preco_antigo": null,
                                    "quantidade": "emb. 600 gr (3 un)",
                                    "precoPorQuantidade": "5,73€/kg",
                                    "link": "https://www.continente.pt/produto/bolachas-maria-dorada-gullon-5072304.html?cgid=mercearias-bolachas-biscoitos-maria",
                                    "imagem": "https://www.continente.pt/dw/image/v2/BDVS_PRD/on/demandware.static/-/Sites-col-master-catalog/default/dwb2a45bc2/images/col/507/5072304-direito.jpg?sw=280&sh=280"
                                },
                                {
                                    "marca": "Continente",
                                    "descricao": "Biscoitos Areias",
                                    "preco": "1,89€",
                                    "preco_antigo": null,
                                    "quantidade": "emb. 300 gr",
                                    "precoPorQuantidade": "6,30€/kg",
                                    "link": "https://www.continente.pt/produto/biscoitos-areias-continente-5775727.html?cgid=mercearias-bolachas-biscoitos-maria",
                                    "imagem": "https://www.continente.pt/dw/image/v2/BDVS_PRD/on/demandware.static/-/Sites-col-master-catalog/default/dwd9feb2b7/images/col/577/5775727-frente.jpg?sw=280&sh=280"
                                },
                                {
                                    "marca": "Cuétara",
                                    "descricao": "Bolachas Rosquilhas Tradicionais",
                                    "preco": "1,99€",
                                    "preco_antigo": null,
                                    "quantidade": "emb. 300 gr (2 un)",
                                    "precoPorQuantidade": "6,63€/kg",
                                    "link": "https://www.continente.pt/produto/bolachas-rosquilhas-tradicionais-cuetara-7578152.html?cgid=mercearias-bolachas-biscoitos-maria",
                                    "imagem": "https://www.continente.pt/dw/image/v2/BDVS_PRD/on/demandware.static/-/Sites-col-master-catalog/default/dw5b491286/images/col/757/7578152-frente.jpg?sw=280&sh=280"
                                },
                                {
                                    "marca": "Cuétara",
                                    "descricao": "Bolachas Ricanela",
                                    "preco": "2,69€",
                                    "preco_antigo": null,
                                    "quantidade": "emb. 500 gr",
                                    "precoPorQuantidade": "6,73€/kg",
                                    "link": "https://www.continente.pt/produto/bolachas-ricanela-cuetara-4637277.html?cgid=mercearias-bolachas-biscoitos-maria",
                                    "imagem": "https://www.continente.pt/dw/image/v2/BDVS_PRD/on/demandware.static/-/Sites-col-master-catalog/default/dwfd61ba68/images/col/463/4637277-cima.jpg?sw=280&sh=280"
                                },
                                {
                                    "marca": "Lotus",
                                    "descricao": "Bolachas Caramelizadas",
                                    "preco": "1,69€",
                                    "preco_antigo": null,
                                    "quantidade": "emb. 250 gr",
                                    "precoPorQuantidade": "6,76€/kg",
                                    "link": "https://www.continente.pt/produto/bolachas-caramelizadas-lotus-4693658.html?cgid=mercearias-bolachas-biscoitos-maria",
                                    "imagem": "https://www.continente.pt/dw/image/v2/BDVS_PRD/on/demandware.static/-/Sites-col-master-catalog/default/dwb2ecaa74/images/col/469/4693658-frente.jpg?sw=280&sh=280"
                                },
                                {
                                    "marca": "Continente",
                                    "descricao": "Palmiers com Massa Folhada",
                                    "preco": "1,09€",
                                    "preco_antigo": null,
                                    "quantidade": "emb. 4 x 40 gr",
                                    "precoPorQuantidade": "6,81€/kg",
                                    "link": "https://www.continente.pt/produto/palmiers-com-massa-folhada-continente-4769767.html?cgid=mercearias-bolachas-biscoitos-maria",
                                    "imagem": "https://www.continente.pt/dw/image/v2/BDVS_PRD/on/demandware.static/-/Sites-col-master-catalog/default/dwd13bc8d4/images/col/476/4769767-frente.jpg?sw=280&sh=280"
                                },
                                {
                                    "marca": "Continente",
                                    "descricao": "Broinhas Doces",
                                    "preco": "2,09€",
                                    "preco_antigo": null,
                                    "quantidade": "emb. 300 gr",
                                    "precoPorQuantidade": "6,97€/kg",
                                    "link": "https://www.continente.pt/produto/broinhas-doces-continente-6370468.html?cgid=mercearias-bolachas-biscoitos-maria",
                                    "imagem": "https://www.continente.pt/dw/image/v2/BDVS_PRD/on/demandware.static/-/Sites-col-master-catalog/default/dw4d6cfac9/images/col/637/6370468-frente.jpg?sw=280&sh=280"
                                },
                                {
                                    "marca": "Gullón",
                                    "descricao": "Bolachas Tostadas Diet Nature",
                                    "preco": "2,84€",
                                    "preco_antigo": null,
                                    "quantidade": "emb. 400 gr",
                                    "precoPorQuantidade": "7,10€/kg",
                                    "link": "https://www.continente.pt/produto/bolachas-tostadas-diet-nature-gullon-7264564.html?cgid=mercearias-bolachas-biscoitos-maria",
                                    "imagem": "https://www.continente.pt/dw/image/v2/BDVS_PRD/on/demandware.static/-/Sites-col-master-catalog/default/dw8850b3b9/images/col/726/7264564-direito.jpg?sw=280&sh=280"
                                },
                                {
                                    "marca": "Gullón",
                                    "descricao": "Bolachas Maria Diet Nature",
                                    "preco": "2,84€",
                                    "preco_antigo": null,
                                    "quantidade": "emb. 400 gr",
                                    "precoPorQuantidade": "7,10€/kg",
                                    "link": "https://www.continente.pt/produto/bolachas-maria-diet-nature-gullon-2904884.html?cgid=mercearias-bolachas-biscoitos-maria",
                                    "imagem": "https://www.continente.pt/dw/image/v2/BDVS_PRD/on/demandware.static/-/Sites-col-master-catalog/default/dwdc055253/images/col/290/2904884-direito.jpg?sw=280&sh=280"
                                },
                                {
                                    "marca": "Nacional",
                                    "descricao": "Bolachas Alfa",
                                    "preco": "1,29€",
                                    "preco_antigo": null,
                                    "quantidade": "emb. 180 gr",
                                    "precoPorQuantidade": "7,17€/kg",
                                    "link": "https://www.continente.pt/produto/bolachas-alfa-nacional-5447264.html?cgid=mercearias-bolachas-biscoitos-maria",
                                    "imagem": "https://www.continente.pt/dw/image/v2/BDVS_PRD/on/demandware.static/-/Sites-col-master-catalog/default/dw7a02457c/images/col/544/5447264-hero.jpg?sw=280&sh=280"
                                },
                                {
                                    "marca": "Anna's",
                                    "descricao": "Bolachas de Laranja",
                                    "preco": "1,09€",
                                    "preco_antigo": null,
                                    "quantidade": "emb. 150 gr",
                                    "precoPorQuantidade": "7,27€/kg",
                                    "link": "https://www.continente.pt/produto/bolachas-de-laranja-annas-5104615.html?cgid=mercearias-bolachas-biscoitos-maria",
                                    "imagem": "https://www.continente.pt/dw/image/v2/BDVS_PRD/on/demandware.static/-/Sites-col-master-catalog/default/dw11f823ec/images/col/510/5104615-cima-tampa.jpg?sw=280&sh=280"
                                },
                                {
                                    "marca": "Anna's",
                                    "descricao": "Bolachas de Amêndoa",
                                    "preco": "1,09€",
                                    "preco_antigo": null,
                                    "quantidade": "emb. 150 gr",
                                    "precoPorQuantidade": "7,27€/kg",
                                    "link": "https://www.continente.pt/produto/bolachas-de-amendoa-annas-2799170.html?cgid=mercearias-bolachas-biscoitos-maria",
                                    "imagem": "https://www.continente.pt/dw/image/v2/BDVS_PRD/on/demandware.static/-/Sites-col-master-catalog/default/dw7e9d181a/images/col/279/2799170-cima-tampa.jpg?sw=280&sh=280"
                                },
                                {
                                    "marca": "Continente",
                                    "descricao": "Biscoitos Glacé",
                                    "preco": "1,47€",
                                    "preco_antigo": null,
                                    "quantidade": "emb. 200 gr",
                                    "precoPorQuantidade": "7,35€/kg",
                                    "link": "https://www.continente.pt/produto/biscoitos-glace-continente-4495746.html?cgid=mercearias-bolachas-biscoitos-maria",
                                    "imagem": "https://www.continente.pt/dw/image/v2/BDVS_PRD/on/demandware.static/-/Sites-col-master-catalog/default/dwa001d1d5/images/col/449/4495746-hero.jpg?sw=280&sh=280"
                                },
                                {
                                    "marca": "Continente",
                                    "descricao": "Línguas de Veado",
                                    "preco": "1,89€",
                                    "preco_antigo": null,
                                    "quantidade": "emb. 250 gr",
                                    "precoPorQuantidade": "7,56€/kg",
                                    "link": "https://www.continente.pt/produto/linguas-de-veado-continente-5187524.html?cgid=mercearias-bolachas-biscoitos-maria",
                                    "imagem": "https://www.continente.pt/dw/image/v2/BDVS_PRD/on/demandware.static/-/Sites-col-master-catalog/default/dw13607a5e/images/col/518/5187524-frente.jpg?sw=280&sh=280"
                                },
                                {
                                    "marca": "Gullón",
                                    "descricao": "Bolachas Maria Biológicas",
                                    "preco": "2,69€",
                                    "preco_antigo": null,
                                    "quantidade": "emb. 350 gr",
                                    "precoPorQuantidade": "7,69€/kg",
                                    "link": "https://www.continente.pt/produto/bolachas-maria-biologicas-gullon-3749297.html?cgid=mercearias-bolachas-biscoitos-maria",
                                    "imagem": "https://www.continente.pt/dw/image/v2/BDVS_PRD/on/demandware.static/-/Sites-col-master-catalog/default/dwb836c72e/images/col/374/3749297-direito.jpg?sw=280&sh=280"
                                },
                                {
                                    "marca": "Continente",
                                    "descricao": "Waffle com Açúcar",
                                    "preco": "0,89€",
                                    "preco_antigo": null,
                                    "quantidade": "emb. 115 gr",
                                    "precoPorQuantidade": "7,74€/kg",
                                    "link": "https://www.continente.pt/produto/waffle-com-acucar-continente-7331147.html?cgid=mercearias-bolachas-biscoitos-maria",
                                    "imagem": "https://www.continente.pt/dw/image/v2/BDVS_PRD/on/demandware.static/-/Sites-col-master-catalog/default/dw3199d361/images/col/733/7331147-frente.jpg?sw=280&sh=280"
                                },
                                {
                                    "marca": "Nacional",
                                    "descricao": "Bolachas Mini Alfa",
                                    "preco": "0,94€",
                                    "preco_antigo": null,
                                    "quantidade": "emb. 120 gr",
                                    "precoPorQuantidade": "7,83€/kg",
                                    "link": "https://www.continente.pt/produto/bolachas-mini-alfa-nacional-5251676.html?cgid=mercearias-bolachas-biscoitos-maria",
                                    "imagem": "https://www.continente.pt/dw/image/v2/BDVS_PRD/on/demandware.static/-/Sites-col-master-catalog/default/dw01fe84c3/images/col/525/5251676-hero.jpg?sw=280&sh=280"
                                },
                                {
                                    "marca": "Nacional",
                                    "descricao": "Bolachas Mini Shortcake",
                                    "preco": "0,94€",
                                    "preco_antigo": null,
                                    "quantidade": "emb. 120 gr",
                                    "precoPorQuantidade": "7,83€/kg",
                                    "link": "https://www.continente.pt/produto/bolachas-mini-shortcake-nacional-5474894.html?cgid=mercearias-bolachas-biscoitos-maria",
                                    "imagem": "https://www.continente.pt/dw/image/v2/BDVS_PRD/on/demandware.static/-/Sites-col-master-catalog/default/dw3ca9230b/images/col/547/5474894-hero.jpg?sw=280&sh=280"
                                },
                                {
                                    "marca": "Cuétara",
                                    "descricao": "Bolachas Maria de Chocolate",
                                    "preco": "2,09€",
                                    "preco_antigo": null,
                                    "quantidade": "emb. 265 gr",
                                    "precoPorQuantidade": "7,89€/kg",
                                    "link": "https://www.continente.pt/produto/bolachas-maria-de-chocolate-cuetara-5974436.html?cgid=mercearias-bolachas-biscoitos-maria",
                                    "imagem": "https://www.continente.pt/dw/image/v2/BDVS_PRD/on/demandware.static/-/Sites-col-master-catalog/default/dw45dda8e4/images/col/597/5974436-esquerdo.jpg?sw=280&sh=280"
                                },
                                {
                                    "marca": "Lotus",
                                    "descricao": "Bolachas Caramelizadas",
                                    "preco": "0,99€",
                                    "preco_antigo": null,
                                    "quantidade": "emb. 124 gr",
                                    "precoPorQuantidade": "7,98€/kg",
                                    "link": "https://www.continente.pt/produto/bolachas-caramelizadas-lotus-4345419.html?cgid=mercearias-bolachas-biscoitos-maria",
                                    "imagem": "https://www.continente.pt/dw/image/v2/BDVS_PRD/on/demandware.static/-/Sites-col-master-catalog/default/dwba34327c/images/col/434/4345419-frente.jpg?sw=280&sh=280"
                                },
                                {
                                    "marca": "Continente",
                                    "descricao": "Ferradura de Erva Doce e Canela",
                                    "preco": "2,00€",
                                    "preco_antigo": null,
                                    "quantidade": "emb. 250 gr",
                                    "precoPorQuantidade": "8,00€/kg",
                                    "link": "https://www.continente.pt/produto/ferradura-de-erva-doce-e-canela-continente-5740702.html?cgid=mercearias-bolachas-biscoitos-maria",
                                    "imagem": "https://www.continente.pt/dw/image/v2/BDVS_PRD/on/demandware.static/-/Sites-col-master-catalog/default/dw485238d3/images/col/574/5740702-frente.jpg?sw=280&sh=280"
                                },
                                {
                                    "marca": "Continente",
                                    "descricao": "Churritos Recheio de Cacau",
                                    "preco": "2,00€",
                                    "preco_antigo": null,
                                    "quantidade": "emb. 240 gr",
                                    "precoPorQuantidade": "8,33€/kg",
                                    "link": "https://www.continente.pt/produto/churritos-recheio-de-cacau-continente-5795730.html?cgid=mercearias-bolachas-biscoitos-maria",
                                    "imagem": "https://www.continente.pt/dw/image/v2/BDVS_PRD/on/demandware.static/-/Sites-col-master-catalog/default/dwfb9ddfac/images/col/579/5795730-frente.jpg?sw=280&sh=280"
                                },
                                {
                                    "marca": "Vieira",
                                    "descricao": "Bolachas Maria",
                                    "preco": "2,54€",
                                    "preco_antigo": null,
                                    "quantidade": "emb. 300 gr (12 un)",
                                    "precoPorQuantidade": "8,47€/kg",
                                    "link": "https://www.continente.pt/produto/bolachas-maria-vieira-2628849.html?cgid=mercearias-bolachas-biscoitos-maria",
                                    "imagem": "https://www.continente.pt/dw/image/v2/BDVS_PRD/on/demandware.static/-/Sites-col-master-catalog/default/dw292a840e/images/col/262/2628849-esquerdo.jpg?sw=280&sh=280"
                                },
                                {
                                    "marca": "Pão de Gimonde",
                                    "descricao": "Bolos Económicos",
                                    "preco": "4,29€",
                                    "preco_antigo": null,
                                    "quantidade": "emb. 500 gr",
                                    "precoPorQuantidade": "8,58€/kg",
                                    "link": "https://www.continente.pt/produto/bolos-economicos-pao-de-gimonde-4470544.html?cgid=mercearias-bolachas-biscoitos-maria",
                                    "imagem": "https://www.continente.pt/dw/image/v2/BDVS_PRD/on/demandware.static/-/Sites-col-master-catalog/default/dwa9e1a9cb/col/447/4470544.jpg?sw=280&sh=280"
                                },
                                {
                                    "marca": "Nacional",
                                    "descricao": "Bolachas Shortcake",
                                    "preco": "1,59€",
                                    "preco_antigo": null,
                                    "quantidade": "emb. 180 gr",
                                    "precoPorQuantidade": "8,83€/kg",
                                    "link": "https://www.continente.pt/produto/bolachas-shortcake-nacional-5667803.html?cgid=mercearias-bolachas-biscoitos-maria",
                                    "imagem": "https://www.continente.pt/dw/image/v2/BDVS_PRD/on/demandware.static/-/Sites-col-master-catalog/default/dw7b4b8023/images/col/566/5667803-hero.jpg?sw=280&sh=280"
                                },
                                {
                                    "marca": "Gullón",
                                    "descricao": "Bolacha Orgânica Maria Integral",
                                    "preco": "3,59€",
                                    "preco_antigo": null,
                                    "quantidade": "emb. 400 gr",
                                    "precoPorQuantidade": "8,98€/kg",
                                    "link": "https://www.continente.pt/produto/bolacha-organica-maria-integral-gullon-7251255.html?cgid=mercearias-bolachas-biscoitos-maria",
                                    "imagem": "https://www.continente.pt/dw/image/v2/BDVS_PRD/on/demandware.static/-/Sites-col-master-catalog/default/dw4f906f24/images/col/725/7251255-frente.jpg?sw=280&sh=280"
                                },
                                {
                                    "marca": "Perdigão",
                                    "descricao": "Broa Batata Doce",
                                    "preco": "2,79€",
                                    "preco_antigo": null,
                                    "quantidade": "emb. 300 gr",
                                    "precoPorQuantidade": "9,30€/kg",
                                    "link": "https://www.continente.pt/produto/broa-batata-doce-perdigao-6407158.html?cgid=mercearias-bolachas-biscoitos-maria",
                                    "imagem": "https://www.continente.pt/dw/image/v2/BDVS_PRD/on/demandware.static/-/Sites-col-master-catalog/default/dw52450f88/images/col/640/6407158-frente.jpg?sw=280&sh=280"
                                },
                                {
                                    "marca": "Continente",
                                    "descricao": "Canudinhos",
                                    "preco": "1,69€",
                                    "preco_antigo": null,
                                    "quantidade": "emb. 180 gr",
                                    "precoPorQuantidade": "9,39€/kg",
                                    "link": "https://www.continente.pt/produto/canudinhos-continente-3799605.html?cgid=mercearias-bolachas-biscoitos-maria",
                                    "imagem": "https://www.continente.pt/dw/image/v2/BDVS_PRD/on/demandware.static/-/Sites-col-master-catalog/default/dw2473ae9a/images/col/379/3799605-frente.jpg?sw=280&sh=280"
                                },
                                {
                                    "marca": "Continente",
                                    "descricao": "Palmiers",
                                    "preco": "1,89€",
                                    "preco_antigo": null,
                                    "quantidade": "emb. 200 gr",
                                    "precoPorQuantidade": "9,45€/kg",
                                    "link": "https://www.continente.pt/produto/palmiers-continente-3835676.html?cgid=mercearias-bolachas-biscoitos-maria",
                                    "imagem": "https://www.continente.pt/dw/image/v2/BDVS_PRD/on/demandware.static/-/Sites-col-master-catalog/default/dwb30e7cd8/images/col/383/3835676-cima.jpg?sw=280&sh=280"
                                },
                                {
                                    "marca": "Continente",
                                    "descricao": "Supremas",
                                    "preco": "2,39€",
                                    "preco_antigo": null,
                                    "quantidade": "emb. 250 gr",
                                    "precoPorQuantidade": "9,56€/kg",
                                    "link": "https://www.continente.pt/produto/supremas-continente-5659197.html?cgid=mercearias-bolachas-biscoitos-maria",
                                    "imagem": "https://www.continente.pt/dw/image/v2/BDVS_PRD/on/demandware.static/-/Sites-col-master-catalog/default/dwc7c091b1/images/col/565/5659197-frente-fora.jpg?sw=280&sh=280"
                                },
                                {
                                    "marca": "Continente",
                                    "descricao": "Supremas de Chocolate",
                                    "preco": "2,39€",
                                    "preco_antigo": null,
                                    "quantidade": "emb. 250 gr",
                                    "precoPorQuantidade": "9,56€/kg",
                                    "link": "https://www.continente.pt/produto/supremas-de-chocolate-continente-5659259.html?cgid=mercearias-bolachas-biscoitos-maria",
                                    "imagem": "https://www.continente.pt/dw/image/v2/BDVS_PRD/on/demandware.static/-/Sites-col-master-catalog/default/dw7fb9a3bb/images/col/565/5659259-frente.jpg?sw=280&sh=280"
                                },
                                {
                                    "marca": "Continente",
                                    "descricao": "Bolachas de Amendoim",
                                    "preco": "2,50€",
                                    "preco_antigo": null,
                                    "quantidade": "emb. 220 gr",
                                    "precoPorQuantidade": "9,62€/kg",
                                    "link": "https://www.continente.pt/produto/bolachas-de-amendoim-continente-5610608.html?cgid=mercearias-bolachas-biscoitos-maria",
                                    "imagem": "https://www.continente.pt/dw/image/v2/BDVS_PRD/on/demandware.static/-/Sites-col-master-catalog/default/dw1a3a3452/images/col/561/5610608-frente.jpg?sw=280&sh=280"
                                },
                                {
                                    "marca": "Panicruzeiro",
                                    "descricao": "Sortido de Bolachas",
                                    "preco": "3,39€",
                                    "preco_antigo": null,
                                    "quantidade": "emb. 350 gr",
                                    "precoPorQuantidade": "9,69€/kg",
                                    "link": "https://www.continente.pt/produto/sortido-de-bolachas-panicruzeiro-7116213.html?cgid=mercearias-bolachas-biscoitos-maria",
                                    "imagem": "https://www.continente.pt/dw/image/v2/BDVS_PRD/on/demandware.static/-/Sites-col-master-catalog/default/dw716e89e0/images/col/711/7116213-frente.jpg?sw=280&sh=280"
                                },
                                {
                                    "marca": "Du Bois",
                                    "descricao": "Palmiers",
                                    "preco": "1,49€",
                                    "preco_antigo": null,
                                    "quantidade": "emb. 150 gr (6 x 3)",
                                    "precoPorQuantidade": "9,93€/kg",
                                    "link": "https://www.continente.pt/produto/palmiers-du-bois-5297155.html?cgid=mercearias-bolachas-biscoitos-maria",
                                    "imagem": "https://www.continente.pt/dw/image/v2/BDVS_PRD/on/demandware.static/-/Sites-col-master-catalog/default/dw0fe9e9b8/images/col/529/5297155-frente.jpg?sw=280&sh=280"
                                },
                                {
                                    "marca": "Saborosa",
                                    "descricao": "Bolachas Mini Bites Sabor Mistério",
                                    "preco": "1,49€",
                                    "preco_antigo": null,
                                    "quantidade": "emb. 150 gr (5 un)",
                                    "precoPorQuantidade": "9,93€/kg",
                                    "link": "https://www.continente.pt/produto/bolachas-mini-bites-sabor-misterio-saborosa-7422459.html?cgid=mercearias-bolachas-biscoitos-maria",
                                    "imagem": "https://www.continente.pt/dw/image/v2/BDVS_PRD/on/demandware.static/-/Sites-col-master-catalog/default/dw426b93ca/images/col/742/7422459-esquerdo.jpg?sw=280&sh=280"
                                },
                                {
                                    "marca": "Seara",
                                    "descricao": "Biscoitos Cacau Biológicos",
                                    "preco": "2,24€",
                                    "preco_antigo": null,
                                    "quantidade": "emb. 220 gr",
                                    "precoPorQuantidade": "10,18€/kg",
                                    "link": "https://www.continente.pt/produto/biscoitos-cacau-biologicos-seara-5895602.html?cgid=mercearias-bolachas-biscoitos-maria",
                                    "imagem": "https://www.continente.pt/dw/image/v2/BDVS_PRD/on/demandware.static/-/Sites-col-master-catalog/default/dw880a0210/images/col/589/5895602-frente.jpg?sw=280&sh=280"
                                },
                                {
                                    "marca": "Du Bois",
                                    "descricao": "Biscoitos Boudoirs",
                                    "preco": "2,09€",
                                    "preco_antigo": null,
                                    "quantidade": "emb. 200 gr",
                                    "precoPorQuantidade": "10,45€/kg",
                                    "link": "https://www.continente.pt/produto/biscoitos-boudoirs-du-bois-5000918.html?cgid=mercearias-bolachas-biscoitos-maria",
                                    "imagem": "https://www.continente.pt/dw/image/v2/BDVS_PRD/on/demandware.static/-/Sites-col-master-catalog/default/dw858b6e7b/images/col/500/5000918-frente.jpg?sw=280&sh=280"
                                },
                                {
                                    "marca": "Seara",
                                    "descricao": "Biscoitos Linhaça e Curcuma Biológicos",
                                    "preco": "2,34€",
                                    "preco_antigo": null,
                                    "quantidade": "emb. 220 gr",
                                    "precoPorQuantidade": "10,64€/kg",
                                    "link": "https://www.continente.pt/produto/biscoitos-linhaca-e-curcuma-biologicos-seara-6471064.html?cgid=mercearias-bolachas-biscoitos-maria",
                                    "imagem": "https://www.continente.pt/dw/image/v2/BDVS_PRD/on/demandware.static/-/Sites-col-master-catalog/default/dw75844d4d/images/col/647/6471064-frente.jpg?sw=280&sh=280"
                                },
                                {
                                    "marca": "Seara",
                                    "descricao": "Biscoitos Alfarroba Biológicos",
                                    "preco": "2,35€",
                                    "preco_antigo": null,
                                    "quantidade": "emb. 250 gr",
                                    "precoPorQuantidade": "10,68€/kg",
                                    "link": "https://www.continente.pt/produto/biscoitos-alfarroba-biologicos-seara-2538471.html?cgid=mercearias-bolachas-biscoitos-maria",
                                    "imagem": "https://www.continente.pt/dw/image/v2/BDVS_PRD/on/demandware.static/-/Sites-col-master-catalog/default/dw38de85db/images/col/253/2538471-frente.jpg?sw=280&sh=280"
                                },
                                {
                                    "marca": "Cem Porcento",
                                    "descricao": "Biscoitos de Linhaça",
                                    "preco": "2,69€",
                                    "preco_antigo": null,
                                    "quantidade": "emb. 200 gr",
                                    "precoPorQuantidade": "10,76€/kg",
                                    "link": "https://www.continente.pt/produto/biscoitos-de-linhaca-cem-porcento-4878568.html?cgid=mercearias-bolachas-biscoitos-maria",
                                    "imagem": "https://www.continente.pt/dw/image/v2/BDVS_PRD/on/demandware.static/-/Sites-col-master-catalog/default/dw811a3e20/images/col/487/4878568-frente.jpg?sw=280&sh=280"
                                },
                                {
                                    "marca": "Cem Porcento",
                                    "descricao": "Biscoitos Gengibre e Canela",
                                    "preco": "2,69€",
                                    "preco_antigo": null,
                                    "quantidade": "emb. 250 gr",
                                    "precoPorQuantidade": "10,76€/kg",
                                    "link": "https://www.continente.pt/produto/biscoitos-gengibre-e-canela-cem-porcento-5186561.html?cgid=mercearias-bolachas-biscoitos-maria",
                                    "imagem": "https://www.continente.pt/dw/image/v2/BDVS_PRD/on/demandware.static/-/Sites-col-master-catalog/default/dw41361560/images/col/518/5186561-frente.jpg?sw=280&sh=280"
                                },
                                {
                                    "marca": "Cem Porcento",
                                    "descricao": "Biscoitos Cálcio com Cacau",
                                    "preco": "2,69€",
                                    "preco_antigo": null,
                                    "quantidade": "emb. 250 gr",
                                    "precoPorQuantidade": "10,76€/kg",
                                    "link": "https://www.continente.pt/produto/biscoitos-calcio-com-cacau-cem-porcento-5186567.html?cgid=mercearias-bolachas-biscoitos-maria",
                                    "imagem": "https://www.continente.pt/dw/image/v2/BDVS_PRD/on/demandware.static/-/Sites-col-master-catalog/default/dwb0502dda/images/col/518/5186567-frente.jpg?sw=280&sh=280"
                                },
                                {
                                    "marca": "Panicruzeiro",
                                    "descricao": "Sortido Fino",
                                    "preco": "3,29€",
                                    "preco_antigo": null,
                                    "quantidade": "emb. 300 gr",
                                    "precoPorQuantidade": "10,97€/kg",
                                    "link": "https://www.continente.pt/produto/sortido-fino-panicruzeiro-7208686.html?cgid=mercearias-bolachas-biscoitos-maria",
                                    "imagem": "https://www.continente.pt/dw/image/v2/BDVS_PRD/on/demandware.static/-/Sites-col-master-catalog/default/dwedcf120a/images/col/720/7208686-cima.jpg?sw=280&sh=280"
                                },
                                {
                                    "marca": "Du Bois",
                                    "descricao": "Folhado Feuilletine",
                                    "preco": "1,54€",
                                    "preco_antigo": null,
                                    "quantidade": "emb. 135 gr",
                                    "precoPorQuantidade": "11,41€/kg",
                                    "link": "https://www.continente.pt/produto/folhado-feuilletine-du-bois-5113597.html?cgid=mercearias-bolachas-biscoitos-maria",
                                    "imagem": "https://www.continente.pt/dw/image/v2/BDVS_PRD/on/demandware.static/-/Sites-col-master-catalog/default/dwd59491f3/images/col/511/5113597-frente.jpg?sw=280&sh=280"
                                },
                                {
                                    "marca": "Susana Vieira",
                                    "descricao": "Broas de Limão",
                                    "preco": "2,29€",
                                    "preco_antigo": null,
                                    "quantidade": "emb. 220 gr",
                                    "precoPorQuantidade": "11,45€/kg",
                                    "link": "https://www.continente.pt/produto/broas-de-limao-susana-vieira-4615749.html?cgid=mercearias-bolachas-biscoitos-maria",
                                    "imagem": "https://www.continente.pt/dw/image/v2/BDVS_PRD/on/demandware.static/-/Sites-col-master-catalog/default/dwcae306b2/images/col/461/4615749-frente.jpg?sw=280&sh=280"
                                },
                                {
                                    "marca": "Susana Vieira",
                                    "descricao": "Broas de Milho",
                                    "preco": "2,29€",
                                    "preco_antigo": null,
                                    "quantidade": "emb. 220 gr",
                                    "precoPorQuantidade": "11,45€/kg",
                                    "link": "https://www.continente.pt/produto/broas-de-milho-susana-vieira-4615745.html?cgid=mercearias-bolachas-biscoitos-maria",
                                    "imagem": "https://www.continente.pt/dw/image/v2/BDVS_PRD/on/demandware.static/-/Sites-col-master-catalog/default/dw90eda25d/images/col/461/4615745-frente.jpg?sw=280&sh=280"
                                },
                                {
                                    "marca": "Seara",
                                    "descricao": "Biscoitos Limão e Chia Biológicos",
                                    "preco": "2,54€",
                                    "preco_antigo": null,
                                    "quantidade": "emb. 220 gr",
                                    "precoPorQuantidade": "11,55€/kg",
                                    "link": "https://www.continente.pt/produto/biscoitos-limao-e-chia-biologicos-seara-5995534.html?cgid=mercearias-bolachas-biscoitos-maria",
                                    "imagem": "https://www.continente.pt/dw/image/v2/BDVS_PRD/on/demandware.static/-/Sites-col-master-catalog/default/dwa9a545de/images/col/599/5995534-frente.jpg?sw=280&sh=280"
                                },
                                {
                                    "marca": "Vieira",
                                    "descricao": "Bolachas Maria sem Açúcar",
                                    "preco": "3,54€",
                                    "preco_antigo": null,
                                    "quantidade": "emb. 300 gr (12 un)",
                                    "precoPorQuantidade": "11,80€/kg",
                                    "link": "https://www.continente.pt/produto/bolachas-maria-sem-acucar-vieira-4612823.html?cgid=mercearias-bolachas-biscoitos-maria",
                                    "imagem": "https://www.continente.pt/dw/image/v2/BDVS_PRD/on/demandware.static/-/Sites-col-master-catalog/default/dw8155fbbb/images/col/461/4612823-frente.jpg?sw=280&sh=280"
                                },
                                {
                                    "marca": "Nacional",
                                    "descricao": "Bolachas Passitas",
                                    "preco": "1,79€",
                                    "preco_antigo": null,
                                    "quantidade": "emb. 150 gr",
                                    "precoPorQuantidade": "11,93€/kg",
                                    "link": "https://www.continente.pt/produto/bolachas-passitas-nacional-6040943.html?cgid=mercearias-bolachas-biscoitos-maria",
                                    "imagem": "https://www.continente.pt/dw/image/v2/BDVS_PRD/on/demandware.static/-/Sites-col-master-catalog/default/dw6c85bd62/images/col/604/6040943-hero.jpg?sw=280&sh=280"
                                },
                                {
                                    "marca": "Du Bois",
                                    "descricao": "Palitos La Reine",
                                    "preco": "2,44€",
                                    "preco_antigo": null,
                                    "quantidade": "emb. 200 gr",
                                    "precoPorQuantidade": "12,20€/kg",
                                    "link": "https://www.continente.pt/produto/palitos-la-reine-du-bois-4991508.html?cgid=mercearias-bolachas-biscoitos-maria",
                                    "imagem": "https://www.continente.pt/dw/image/v2/BDVS_PRD/on/demandware.static/-/Sites-col-master-catalog/default/dw72463169/images/col/499/4991508-frente.jpg?sw=280&sh=280"
                                },
                                {
                                    "marca": "Seara",
                                    "descricao": "Biscoitos Coco Biológicos",
                                    "preco": "2,75€",
                                    "preco_antigo": null,
                                    "quantidade": "emb. 220 gr",
                                    "precoPorQuantidade": "12,50€/kg",
                                    "link": "https://www.continente.pt/produto/biscoitos-coco-biologicos-seara-5895603.html?cgid=mercearias-bolachas-biscoitos-maria",
                                    "imagem": "https://www.continente.pt/dw/image/v2/BDVS_PRD/on/demandware.static/-/Sites-col-master-catalog/default/dw2231de54/images/col/589/5895603-frente.jpg?sw=280&sh=280"
                                },
                                {
                                    "marca": "Continente",
                                    "descricao": "Bolos de Gema",
                                    "preco": "2,50€",
                                    "preco_antigo": null,
                                    "quantidade": "emb. 200 gr",
                                    "precoPorQuantidade": "12,50€/kg",
                                    "link": "https://www.continente.pt/produto/bolos-de-gema-continente-5652739.html?cgid=mercearias-bolachas-biscoitos-maria",
                                    "imagem": "https://www.continente.pt/dw/image/v2/BDVS_PRD/on/demandware.static/-/Sites-col-master-catalog/default/dw13092292/images/col/565/5652739-frente.jpg?sw=280&sh=280"
                                },
                                {
                                    "marca": "Seara",
                                    "descricao": "Biscoitos de Amêndoa Biológicos",
                                    "preco": "2,94€",
                                    "preco_antigo": null,
                                    "quantidade": "emb. 250 gr",
                                    "precoPorQuantidade": "13,36€/kg",
                                    "link": "https://www.continente.pt/produto/biscoitos-de-amendoa-biologicos-seara-2232384.html?cgid=mercearias-bolachas-biscoitos-maria",
                                    "imagem": "https://www.continente.pt/dw/image/v2/BDVS_PRD/on/demandware.static/-/Sites-col-master-catalog/default/dw732109b7/images/col/223/2232384-frente.jpg?sw=280&sh=280"
                                },
                                {
                                    "marca": "Diese",
                                    "descricao": "Biscoitos de Limão Sem Adição de Açúcar",
                                    "preco": "3,39€",
                                    "preco_antigo": null,
                                    "quantidade": "emb. 250 gr",
                                    "precoPorQuantidade": "13,56€/kg",
                                    "link": "https://www.continente.pt/produto/biscoitos-de-limao-sem-adicao-de-acucar-diese-2825766.html?cgid=mercearias-bolachas-biscoitos-maria",
                                    "imagem": "https://www.continente.pt/dw/image/v2/BDVS_PRD/on/demandware.static/-/Sites-col-master-catalog/default/dw2ea0c32c/images/col/282/2825766-frente.jpg?sw=280&sh=280"
                                },
                                {
                                    "marca": "Diese",
                                    "descricao": "Biscoitos de Sésamo e Avelã Sem Adição de Açúcar",
                                    "preco": "3,39€",
                                    "preco_antigo": null,
                                    "quantidade": "emb. 250 gr",
                                    "precoPorQuantidade": "13,56€/kg",
                                    "link": "https://www.continente.pt/produto/biscoitos-de-sesamo-e-avela-sem-adicao-de-acucar-diese-2605491.html?cgid=mercearias-bolachas-biscoitos-maria",
                                    "imagem": "https://www.continente.pt/dw/image/v2/BDVS_PRD/on/demandware.static/-/Sites-col-master-catalog/default/dw278881ec/images/col/260/2605491-frente.jpg?sw=280&sh=280"
                                },
                                {
                                    "marca": "Diese",
                                    "descricao": "Biscoitos de Maçã e Canela Sem Adição de Açúcar",
                                    "preco": "3,39€",
                                    "preco_antigo": null,
                                    "quantidade": "emb. 250 gr",
                                    "precoPorQuantidade": "13,56€/kg",
                                    "link": "https://www.continente.pt/produto/biscoitos-de-maca-e-canela-sem-adicao-de-acucar-diese-2874274.html?cgid=mercearias-bolachas-biscoitos-maria",
                                    "imagem": "https://www.continente.pt/dw/image/v2/BDVS_PRD/on/demandware.static/-/Sites-col-master-catalog/default/dwfe487ac9/images/col/287/2874274-frente.jpg?sw=280&sh=280"
                                },
                                {
                                    "marca": "Anna's",
                                    "descricao": "Bolachas de Gengibre",
                                    "preco": "2,24€",
                                    "preco_antigo": null,
                                    "quantidade": "emb. 150 gr",
                                    "precoPorQuantidade": "14,93€/kg",
                                    "link": "https://www.continente.pt/produto/bolachas-de-gengibre-annas-2799162.html?cgid=mercearias-bolachas-biscoitos-maria",
                                    "imagem": "https://www.continente.pt/dw/image/v2/BDVS_PRD/on/demandware.static/-/Sites-col-master-catalog/default/dwb5d13104/images/col/279/2799162-cima-tampa.jpg?sw=280&sh=280"
                                },
                                {
                                    "marca": "Anna's",
                                    "descricao": "Bolachas de Cappuccino",
                                    "preco": "2,24€",
                                    "preco_antigo": null,
                                    "quantidade": "emb. 150 gr",
                                    "precoPorQuantidade": "14,93€/kg",
                                    "link": "https://www.continente.pt/produto/bolachas-de-cappuccino-annas-2799173.html?cgid=mercearias-bolachas-biscoitos-maria",
                                    "imagem": "https://www.continente.pt/dw/image/v2/BDVS_PRD/on/demandware.static/-/Sites-col-master-catalog/default/dw0609d3f4/images/col/279/2799173-cima-tampa.jpg?sw=280&sh=280"
                                },
                                {
                                    "marca": "Azeitonense",
                                    "descricao": "Biscoitos de Azeitão",
                                    "preco": "2,69€",
                                    "preco_antigo": null,
                                    "quantidade": "emb. 180 gr",
                                    "precoPorQuantidade": "14,94€/kg",
                                    "link": "https://www.continente.pt/produto/biscoitos-de-azeitao-azeitonense-4735933.html?cgid=mercearias-bolachas-biscoitos-maria",
                                    "imagem": "https://www.continente.pt/dw/image/v2/BDVS_PRD/on/demandware.static/-/Sites-col-master-catalog/default/dw3264f30e/images/col/473/4735933-frente.jpg?sw=280&sh=280"
                                },
                                {
                                    "marca": "Cem Porcento",
                                    "descricao": "Biscoitos Integrais de Canela",
                                    "preco": "2,99€",
                                    "preco_antigo": null,
                                    "quantidade": "emb. 200 gr",
                                    "precoPorQuantidade": "14,95€/kg",
                                    "link": "https://www.continente.pt/produto/biscoitos-integrais-de-canela-cem-porcento-5418185.html?cgid=mercearias-bolachas-biscoitos-maria",
                                    "imagem": "https://www.continente.pt/dw/image/v2/BDVS_PRD/on/demandware.static/-/Sites-col-master-catalog/default/dw9ece0739/images/col/541/5418185-frente.jpg?sw=280&sh=280"
                                },
                                {
                                    "marca": "Continente Seleção",
                                    "descricao": "Biscoito de Aveia e Banana",
                                    "preco": "3,09€",
                                    "preco_antigo": null,
                                    "quantidade": "emb. 200 gr",
                                    "precoPorQuantidade": "15,45€/kg",
                                    "link": "https://www.continente.pt/produto/biscoito-de-aveia-e-banana-continente-selecao-7168240.html?cgid=mercearias-bolachas-biscoitos-maria",
                                    "imagem": "https://www.continente.pt/dw/image/v2/BDVS_PRD/on/demandware.static/-/Sites-col-master-catalog/default/dw66a83aef/images/col/716/7168240-esquerdo.jpg?sw=280&sh=280"
                                },
                                {
                                    "marca": "Continente Seleção",
                                    "descricao": "Biscoitos Areias",
                                    "preco": "3,09€",
                                    "preco_antigo": null,
                                    "quantidade": "emb. 200 gr",
                                    "precoPorQuantidade": "15,45€/kg",
                                    "link": "https://www.continente.pt/produto/biscoitos-areias-continente-selecao-5137072.html?cgid=mercearias-bolachas-biscoitos-maria",
                                    "imagem": "https://www.continente.pt/dw/image/v2/BDVS_PRD/on/demandware.static/-/Sites-col-master-catalog/default/dw4c073d15/images/col/513/5137072-frente.jpg?sw=280&sh=280"
                                },
                                {
                                    "marca": "Continente Seleção",
                                    "descricao": "Bolachas de Aveia",
                                    "preco": "3,09€",
                                    "preco_antigo": null,
                                    "quantidade": "emb. 200 gr",
                                    "precoPorQuantidade": "15,45€/kg",
                                    "link": "https://www.continente.pt/produto/bolachas-de-aveia-continente-selecao-5736430.html?cgid=mercearias-bolachas-biscoitos-maria",
                                    "imagem": "https://www.continente.pt/dw/image/v2/BDVS_PRD/on/demandware.static/-/Sites-col-master-catalog/default/dw2dd955e5/images/col/573/5736430-frente.jpg?sw=280&sh=280"
                                },
                                {
                                    "marca": "Continente Seleção",
                                    "descricao": "Biscoito de Alfarroba, Coco e Limão",
                                    "preco": "3,09€",
                                    "preco_antigo": null,
                                    "quantidade": "emb. 200 gr",
                                    "precoPorQuantidade": "15,45€/kg",
                                    "link": "https://www.continente.pt/produto/biscoito-de-alfarroba-coco-e-limao-continente-selecao-7168199.html?cgid=mercearias-bolachas-biscoitos-maria",
                                    "imagem": "https://www.continente.pt/dw/image/v2/BDVS_PRD/on/demandware.static/-/Sites-col-master-catalog/default/dwab4f50d6/images/col/716/7168199-esquerdo.jpg?sw=280&sh=280"
                                },
                                {
                                    "marca": "Massas Vouga",
                                    "descricao": "Broinhas com Ovos Moles",
                                    "preco": "3,99€",
                                    "preco_antigo": null,
                                    "quantidade": "emb. 250 gr",
                                    "precoPorQuantidade": "15,96€/kg",
                                    "link": "https://www.continente.pt/produto/broinhas-com-ovos-moles-massas-vouga-6420973.html?cgid=mercearias-bolachas-biscoitos-maria",
                                    "imagem": "https://www.continente.pt/dw/image/v2/BDVS_PRD/on/demandware.static/-/Sites-col-master-catalog/default/dw2fc1aea2/images/col/642/6420973-frente.jpg?sw=280&sh=280"
                                },
                                {
                                    "marca": "Massas Vouga",
                                    "descricao": "Broinhas de Ovos Moles com Noz",
                                    "preco": "4,05€",
                                    "preco_antigo": null,
                                    "quantidade": "emb. 250 gr",
                                    "precoPorQuantidade": "16,20€/kg",
                                    "link": "https://www.continente.pt/produto/broinhas-de-ovos-moles-com-noz-massas-vouga-6420956.html?cgid=mercearias-bolachas-biscoitos-maria",
                                    "imagem": "https://www.continente.pt/dw/image/v2/BDVS_PRD/on/demandware.static/-/Sites-col-master-catalog/default/dwfac6fcd8/images/col/642/6420956-frente.jpg?sw=280&sh=280"
                                },
                                {
                                    "marca": "Massas Vouga",
                                    "descricao": "Broinhas com Ovos Moles e Mirtillo",
                                    "preco": "4,05€",
                                    "preco_antigo": null,
                                    "quantidade": "emb. 250 gr",
                                    "precoPorQuantidade": "16,20€/kg",
                                    "link": "https://www.continente.pt/produto/broinhas-com-ovos-moles-e-mirtillo-massas-vouga-6420957.html?cgid=mercearias-bolachas-biscoitos-maria",
                                    "imagem": "https://www.continente.pt/dw/image/v2/BDVS_PRD/on/demandware.static/-/Sites-col-master-catalog/default/dwf59e9d02/images/col/642/6420957-frente.jpg?sw=280&sh=280"
                                },
                                {
                                    "marca": "Fabridoce",
                                    "descricao": "Risonhas de Sésamo e Pevides",
                                    "preco": "1,99€",
                                    "preco_antigo": null,
                                    "quantidade": "emb. 120 gr",
                                    "precoPorQuantidade": "16,58€/kg",
                                    "link": "https://www.continente.pt/produto/risonhas-de-sesamo-e-pevides-fabridoce-6632980.html?cgid=mercearias-bolachas-biscoitos-maria",
                                    "imagem": "https://www.continente.pt/dw/image/v2/BDVS_PRD/on/demandware.static/-/Sites-col-master-catalog/default/dw840c1c8b/images/col/663/6632980-cima.jpg?sw=280&sh=280"
                                },
                                {
                                    "marca": "Azeitonense",
                                    "descricao": "Esses de Azeitão",
                                    "preco": "3,99€",
                                    "preco_antigo": null,
                                    "quantidade": "emb. 240 gr",
                                    "precoPorQuantidade": "16,63€/kg",
                                    "link": "https://www.continente.pt/produto/esses-de-azeitao-azeitonense-4735957.html?cgid=mercearias-bolachas-biscoitos-maria",
                                    "imagem": "https://www.continente.pt/dw/image/v2/BDVS_PRD/on/demandware.static/-/Sites-col-master-catalog/default/dwc95d8ee5/images/col/473/4735957-frente.jpg?sw=280&sh=280"
                                },
                                {
                                    "marca": "Continente",
                                    "descricao": "Suspiros",
                                    "preco": "2,50€",
                                    "preco_antigo": null,
                                    "quantidade": "emb. 150 gr (6 un)",
                                    "precoPorQuantidade": "16,67€/kg",
                                    "link": "https://www.continente.pt/produto/suspiros-continente-5547210.html?cgid=mercearias-bolachas-biscoitos-maria",
                                    "imagem": "https://www.continente.pt/dw/image/v2/BDVS_PRD/on/demandware.static/-/Sites-col-master-catalog/default/dw3b8be1d1/images/col/554/5547210-cima.jpg?sw=280&sh=280"
                                },
                                {
                                    "marca": "Continente Seleção",
                                    "descricao": "Biscoitos de Manteiga e Amêndoa",
                                    "preco": "2,99€",
                                    "preco_antigo": null,
                                    "quantidade": "emb. 175 gr",
                                    "precoPorQuantidade": "17,09€/kg",
                                    "link": "https://www.continente.pt/produto/biscoitos-de-manteiga-e-amendoa-continente-selecao-4963999.html?cgid=mercearias-bolachas-biscoitos-maria",
                                    "imagem": "https://www.continente.pt/dw/image/v2/BDVS_PRD/on/demandware.static/-/Sites-col-master-catalog/default/dw76999dd4/images/col/496/4963999-frente.jpg?sw=280&sh=280"
                                },
                                {
                                    "marca": "Continente Seleção",
                                    "descricao": "Biscoitos de Chocolate",
                                    "preco": "2,19€",
                                    "preco_antigo": null,
                                    "quantidade": "emb.110 gr",
                                    "precoPorQuantidade": "19,91€/kg",
                                    "link": "https://www.continente.pt/produto/biscoitos-de-chocolate-continente-selecao-7363680.html?cgid=mercearias-bolachas-biscoitos-maria",
                                    "imagem": "https://www.continente.pt/dw/image/v2/BDVS_PRD/on/demandware.static/-/Sites-col-master-catalog/default/dw1a15bb7d/images/col/736/7363680-frente.jpg?sw=280&sh=280"
                                },
                                {
                                    "marca": "Continente Seleção",
                                    "descricao": "Biscoitos de Amêndoa e Chocolate",
                                    "preco": "2,19€",
                                    "preco_antigo": null,
                                    "quantidade": "emb. 100 gr",
                                    "precoPorQuantidade": "21,90€/kg",
                                    "link": "https://www.continente.pt/produto/biscoitos-de-amendoa-e-chocolate-continente-selecao-7363678.html?cgid=mercearias-bolachas-biscoitos-maria",
                                    "imagem": "https://www.continente.pt/dw/image/v2/BDVS_PRD/on/demandware.static/-/Sites-col-master-catalog/default/dwe5aa746e/images/col/736/7363678-frente.jpg?sw=280&sh=280"
                                },
                                {
                                    "marca": "Continente Seleção",
                                    "descricao": "Biscoitos Triplo Chocolate",
                                    "preco": "2,19€",
                                    "preco_antigo": null,
                                    "quantidade": "emb. 100 gr",
                                    "precoPorQuantidade": "21,90€/kg",
                                    "link": "https://www.continente.pt/produto/biscoitos-triplo-chocolate-continente-selecao-7363676.html?cgid=mercearias-bolachas-biscoitos-maria",
                                    "imagem": "https://www.continente.pt/dw/image/v2/BDVS_PRD/on/demandware.static/-/Sites-col-master-catalog/default/dwf5563732/images/col/736/7363676-frente.jpg?sw=280&sh=280"
                                },
                                {
                                    "marca": "Continente",
                                    "descricao": "Suspiros Finos",
                                    "preco": "1,79€",
                                    "preco_antigo": null,
                                    "quantidade": "emb. 70 gr",
                                    "precoPorQuantidade": "25,57€/kg",
                                    "link": "https://www.continente.pt/produto/suspiros-finos-continente-7279410.html?cgid=mercearias-bolachas-biscoitos-maria",
                                    "imagem": "https://www.continente.pt/dw/image/v2/BDVS_PRD/on/demandware.static/-/Sites-col-master-catalog/default/dw01a6c5b2/images/col/727/7279410-frente.jpg?sw=280&sh=280"
                                },
                                {
                                    "marca": "Conf. Vale",
                                    "descricao": "Beijinhos de Pombal",
                                    "preco": "2,79€",
                                    "preco_antigo": null,
                                    "quantidade": "emb. 90 gr",
                                    "precoPorQuantidade": "31,00€/kg",
                                    "link": "https://www.continente.pt/produto/beijinhos-de-pombal-conf.-vale-2422238.html?cgid=mercearias-bolachas-biscoitos-maria",
                                    "imagem": "https://www.continente.pt/dw/image/v2/BDVS_PRD/on/demandware.static/-/Sites-col-master-catalog/default/dwdee07ae1/images/col/242/2422238-frente.jpg?sw=280&sh=280"
                                }
                            ]
                        },
                        {
                            "name": "Sortidos de Bolachas",
                            "items": [
                                {
                                    "marca": "Continente",
                                    "descricao": "Sortido de Bolachas",
                                    "preco": "1,99€",
                                    "preco_antigo": null,
                                    "quantidade": "emb. 400 gr",
                                    "precoPorQuantidade": "4,98€/kg",
                                    "link": "https://www.continente.pt/produto/sortido-de-bolachas-continente-5023819.html?cgid=mercearias-bolachas-biscoitos-sortidos",
                                    "imagem": "https://www.continente.pt/dw/image/v2/BDVS_PRD/on/demandware.static/-/Sites-col-master-catalog/default/dw20272181/images/col/502/5023819-hero.jpg?sw=280&sh=280"
                                },
                                {
                                    "marca": "Continente",
                                    "descricao": "Bolachas de Manteiga Butter Cookies",
                                    "preco": "3,39€",
                                    "preco_antigo": null,
                                    "quantidade": "emb. 454 gr",
                                    "precoPorQuantidade": "7,47€/kg",
                                    "link": "https://www.continente.pt/produto/bolachas-de-manteiga-butter-cookies-continente-7082116.html?cgid=mercearias-bolachas-biscoitos-sortidos",
                                    "imagem": "https://www.continente.pt/dw/image/v2/BDVS_PRD/on/demandware.static/-/Sites-col-master-catalog/default/dw57b61de1/images/col/708/7082116-hero.jpg?sw=280&sh=280"
                                },
                                {
                                    "marca": "Vieira",
                                    "descricao": "Sortido de Bolachas Princesa",
                                    "preco": "3,78€",
                                    "preco_antigo": null,
                                    "quantidade": "emb. 400 gr",
                                    "precoPorQuantidade": "9,45€/kg",
                                    "link": "https://www.continente.pt/produto/sortido-de-bolachas-princesa-vieira-2989404.html?cgid=mercearias-bolachas-biscoitos-sortidos",
                                    "imagem": "https://www.continente.pt/dw/image/v2/BDVS_PRD/on/demandware.static/-/Sites-col-master-catalog/default/dwf59619fa/images/col/298/2989404-frente.jpg?sw=280&sh=280"
                                },
                                {
                                    "marca": "Vieira",
                                    "descricao": "Sortido de Bolachas Original",
                                    "preco": "2,19€",
                                    "preco_antigo": null,
                                    "quantidade": "emb. 200 gr",
                                    "precoPorQuantidade": "10,95€/kg",
                                    "link": "https://www.continente.pt/produto/sortido-de-bolachas-original-vieira-7435434.html?cgid=mercearias-bolachas-biscoitos-sortidos",
                                    "imagem": "https://www.continente.pt/dw/image/v2/BDVS_PRD/on/demandware.static/-/Sites-col-master-catalog/default/dw13c98447/images/col/743/7435434-frente.jpg?sw=280&sh=280"
                                },
                                {
                                    "marca": "Gullón",
                                    "descricao": "Sortido de Bolachas Choco Premium",
                                    "preco": "4,74€",
                                    "preco_antigo": null,
                                    "quantidade": "emb. 402 gr",
                                    "precoPorQuantidade": "11,79€/kg",
                                    "link": "https://www.continente.pt/produto/sortido-de-bolachas-choco-premium-gullon-7251722.html?cgid=mercearias-bolachas-biscoitos-sortidos",
                                    "imagem": "https://www.continente.pt/dw/image/v2/BDVS_PRD/on/demandware.static/-/Sites-col-master-catalog/default/dw238daefe/images/col/725/7251722-direito.jpg?sw=280&sh=280"
                                },
                                {
                                    "marca": "Vieira",
                                    "descricao": "Bolachas Sortido Princesa de Chocolate",
                                    "preco": "2,36€",
                                    "preco_antigo": null,
                                    "quantidade": "emb. 200 gr",
                                    "precoPorQuantidade": "11,80€/kg",
                                    "link": "https://www.continente.pt/produto/bolachas-sortido-princesa-de-chocolate-vieira-7066870.html?cgid=mercearias-bolachas-biscoitos-sortidos",
                                    "imagem": "https://www.continente.pt/dw/image/v2/BDVS_PRD/on/demandware.static/-/Sites-col-master-catalog/default/dw44e4d850/images/col/706/7066870-direito.jpg?sw=280&sh=280"
                                },
                                {
                                    "marca": "Vieira",
                                    "descricao": "Sortido de Bolachas de Chocolate Negro",
                                    "preco": "2,46€",
                                    "preco_antigo": null,
                                    "quantidade": "emb. 200 gr",
                                    "precoPorQuantidade": "12,30€/kg",
                                    "link": "https://www.continente.pt/produto/sortido-de-bolachas-de-chocolate-negro-vieira-7435425.html?cgid=mercearias-bolachas-biscoitos-sortidos",
                                    "imagem": "https://www.continente.pt/dw/image/v2/BDVS_PRD/on/demandware.static/-/Sites-col-master-catalog/default/dw72fe8672/images/col/743/7435425-frente.jpg?sw=280&sh=280"
                                },
                                {
                                    "marca": "DanCake",
                                    "descricao": "Bolachas Butter Cookies Lata Clássica",
                                    "preco": "6,29€",
                                    "preco_antigo": null,
                                    "quantidade": "emb. 454 gr",
                                    "precoPorQuantidade": "13,85€/kg",
                                    "link": "https://www.continente.pt/produto/bolachas-butter-cookies-lata-classica-dancake-7027181.html?cgid=mercearias-bolachas-biscoitos-sortidos",
                                    "imagem": "https://www.continente.pt/dw/image/v2/BDVS_PRD/on/demandware.static/-/Sites-col-master-catalog/default/dw5ff0e181/images/col/702/7027181-cima.jpg?sw=280&sh=280"
                                },
                                {
                                    "marca": "Cuétara",
                                    "descricao": "Sortido de Bolachas",
                                    "preco": "3,09€",
                                    "preco_antigo": null,
                                    "quantidade": "emb. 210 gr",
                                    "precoPorQuantidade": "14,71€/kg",
                                    "link": "https://www.continente.pt/produto/sortido-de-bolachas-cuetara-6267175.html?cgid=mercearias-bolachas-biscoitos-sortidos",
                                    "imagem": "https://www.continente.pt/dw/image/v2/BDVS_PRD/on/demandware.static/-/Sites-col-master-catalog/default/dw7c2dd88e/images/col/626/6267175-frente.jpg?sw=280&sh=280"
                                }
                            ]
                        },
                        {
                            "name": "Bolos, Napolitanas, Queques...",
                            "items": [
                                {
                                    "marca": "Continente",
                                    "descricao": "Napolitanas de Cacau",
                                    "preco": "1,09€",
                                    "preco_antigo": "1,29€",
                                    "quantidade": "emb. 270 gr (6 un)",
                                    "precoPorQuantidade": "4,04€/kg",
                                    "link": "https://www.continente.pt/produto/napolitanas-de-cacau-continente-7251787.html?cgid=mercearias-bolachas-biscoitos-bolos",
                                    "imagem": "https://www.continente.pt/dw/image/v2/BDVS_PRD/on/demandware.static/-/Sites-col-master-catalog/default/dwba78c499/images/col/725/7251787-cima.jpg?sw=280&sh=280"
                                },
                                {
                                    "marca": "Continente",
                                    "descricao": "Napolitanas de Baunilha",
                                    "preco": "1,09€",
                                    "preco_antigo": "1,29€",
                                    "quantidade": "emb. 270 gr (6 un)",
                                    "precoPorQuantidade": "4,04€/kg",
                                    "link": "https://www.continente.pt/produto/napolitanas-de-baunilha-continente-7251788.html?cgid=mercearias-bolachas-biscoitos-bolos",
                                    "imagem": "https://www.continente.pt/dw/image/v2/BDVS_PRD/on/demandware.static/-/Sites-col-master-catalog/default/dw5ad10015/images/col/725/7251788-cima.jpg?sw=280&sh=280"
                                },
                                {
                                    "marca": "Continente",
                                    "descricao": "Mini Croissants de Chocolate",
                                    "preco": "1,29€",
                                    "preco_antigo": null,
                                    "quantidade": "emb. 315 gr (7 un)",
                                    "precoPorQuantidade": "4,10€/kg",
                                    "link": "https://www.continente.pt/produto/mini-croissants-de-chocolate-continente-4978161.html?cgid=mercearias-bolachas-biscoitos-bolos",
                                    "imagem": "https://www.continente.pt/dw/image/v2/BDVS_PRD/on/demandware.static/-/Sites-col-master-catalog/default/dwaf3beb69/images/col/497/4978161-hero.jpg?sw=280&sh=280"
                                },
                                {
                                    "marca": "Continente",
                                    "descricao": "Torta de Cacau",
                                    "preco": "1,29€",
                                    "preco_antigo": null,
                                    "quantidade": "emb. 300 gr",
                                    "precoPorQuantidade": "4,30€/kg",
                                    "link": "https://www.continente.pt/produto/torta-de-cacau-continente-6601715.html?cgid=mercearias-bolachas-biscoitos-bolos",
                                    "imagem": "https://www.continente.pt/dw/image/v2/BDVS_PRD/on/demandware.static/-/Sites-col-master-catalog/default/dw81f11666/images/col/660/6601715-frente.jpg?sw=280&sh=280"
                                },
                                {
                                    "marca": "Continente",
                                    "descricao": "Torta de Morango",
                                    "preco": "1,29€",
                                    "preco_antigo": null,
                                    "quantidade": "emb. 300 gr",
                                    "precoPorQuantidade": "4,30€/kg",
                                    "link": "https://www.continente.pt/produto/torta-de-morango-continente-6603116.html?cgid=mercearias-bolachas-biscoitos-bolos",
                                    "imagem": "https://www.continente.pt/dw/image/v2/BDVS_PRD/on/demandware.static/-/Sites-col-master-catalog/default/dw62a6d72b/images/col/660/6603116-frente.jpg?sw=280&sh=280"
                                },
                                {
                                    "marca": "Continente",
                                    "descricao": "Madalenas Recheadas com Cacau",
                                    "preco": "1,49€",
                                    "preco_antigo": null,
                                    "quantidade": "emb. 336 gr",
                                    "precoPorQuantidade": "4,43€/kg",
                                    "link": "https://www.continente.pt/produto/madalenas-recheadas-com-cacau-continente-7310436.html?cgid=mercearias-bolachas-biscoitos-bolos",
                                    "imagem": "https://www.continente.pt/dw/image/v2/BDVS_PRD/on/demandware.static/-/Sites-col-master-catalog/default/dw1221b19a/images/col/731/7310436-hero.jpg?sw=280&sh=280"
                                },
                                {
                                    "marca": "Aurora",
                                    "descricao": "Madalenas de Chocolate",
                                    "preco": "1,94€",
                                    "preco_antigo": null,
                                    "quantidade": "emb. 420 gr (10 un)",
                                    "precoPorQuantidade": "4,62€/kg",
                                    "link": "https://www.continente.pt/produto/madalenas-de-chocolate-aurora-7576714.html?cgid=mercearias-bolachas-biscoitos-bolos",
                                    "imagem": "https://www.continente.pt/dw/image/v2/BDVS_PRD/on/demandware.static/-/Sites-col-master-catalog/default/dw91b26519/images/col/757/7576714-frente.jpg?sw=280&sh=280"
                                },
                                {
                                    "marca": "Aurora",
                                    "descricao": "Madalenas de Laranja",
                                    "preco": "1,94€",
                                    "preco_antigo": null,
                                    "quantidade": "emb. 420 gr (10 un)",
                                    "precoPorQuantidade": "4,62€/kg",
                                    "link": "https://www.continente.pt/produto/madalenas-de-laranja-aurora-7576713.html?cgid=mercearias-bolachas-biscoitos-bolos",
                                    "imagem": "https://www.continente.pt/dw/image/v2/BDVS_PRD/on/demandware.static/-/Sites-col-master-catalog/default/dw72c0fb7a/images/col/757/7576713-frente.jpg?sw=280&sh=280"
                                },
                                {
                                    "marca": "Dulcesol",
                                    "descricao": "Travesseiros de Chocolate",
                                    "preco": "1,00€",
                                    "preco_antigo": null,
                                    "quantidade": "emb. 255 gr (4 un)",
                                    "precoPorQuantidade": "5,56€/kg",
                                    "link": "https://www.continente.pt/produto/travesseiros-de-chocolate-dulcesol-4857783.html?cgid=mercearias-bolachas-biscoitos-bolos",
                                    "imagem": "https://www.continente.pt/dw/image/v2/BDVS_PRD/on/demandware.static/-/Sites-col-master-catalog/default/dwf4c7e5bf/images/col/485/4857783-frente.jpg?sw=280&sh=280"
                                },
                                {
                                    "marca": "Continente",
                                    "descricao": "Palmiers Saquetas",
                                    "preco": "1,20€",
                                    "preco_antigo": null,
                                    "quantidade": "emb. 4 x 50 gr",
                                    "precoPorQuantidade": "6,00€/kg",
                                    "link": "https://www.continente.pt/produto/palmiers-saquetas-continente-2162066.html?cgid=mercearias-bolachas-biscoitos-bolos",
                                    "imagem": "https://www.continente.pt/dw/image/v2/BDVS_PRD/on/demandware.static/-/Sites-col-master-catalog/default/dw0cf55b6d/images/col/216/2162066-frente.jpg?sw=280&sh=280"
                                },
                                {
                                    "marca": "Aurora",
                                    "descricao": "Croissants Recheados com Cacau e Avelã",
                                    "preco": "1,83€",
                                    "preco_antigo": null,
                                    "quantidade": "emb. 304 gr (8 un)",
                                    "precoPorQuantidade": "6,02€/kg",
                                    "link": "https://www.continente.pt/produto/croissants-recheados-com-cacau-e-avela-aurora-6894546.html?cgid=mercearias-bolachas-biscoitos-bolos",
                                    "imagem": "https://www.continente.pt/dw/image/v2/BDVS_PRD/on/demandware.static/-/Sites-col-master-catalog/default/dw259a3468/images/col/689/6894546-frente.jpg?sw=280&sh=280"
                                },
                                {
                                    "marca": "Bollycao",
                                    "descricao": "Croissant com Recheio de Chocolate",
                                    "preco": "2,49€",
                                    "preco_antigo": null,
                                    "quantidade": "emb. 378 gr (9 un)",
                                    "precoPorQuantidade": "6,59€/kg",
                                    "link": "https://www.continente.pt/produto/croissant-com-recheio-de-chocolate-bollycao-7528063.html?cgid=mercearias-bolachas-biscoitos-bolos",
                                    "imagem": "https://www.continente.pt/dw/image/v2/BDVS_PRD/on/demandware.static/-/Sites-col-master-catalog/default/dwf3b90013/images/col/752/7528063-frente.jpg?sw=280&sh=280"
                                },
                                {
                                    "marca": "Continente",
                                    "descricao": "Lanchinhos com Pepitas de Chocolate",
                                    "preco": "1,59€",
                                    "preco_antigo": null,
                                    "quantidade": "emb. 240 gr (6 un)",
                                    "precoPorQuantidade": "6,63€/kg",
                                    "link": "https://www.continente.pt/produto/lanchinhos-com-pepitas-de-chocolate-continente-4792972.html?cgid=mercearias-bolachas-biscoitos-bolos",
                                    "imagem": "https://www.continente.pt/dw/image/v2/BDVS_PRD/on/demandware.static/-/Sites-col-master-catalog/default/dwff682072/images/col/479/4792972-frente.jpg?sw=280&sh=280"
                                },
                                {
                                    "marca": "Continente",
                                    "descricao": "Palmiers com Massa Folhada",
                                    "preco": "1,09€",
                                    "preco_antigo": null,
                                    "quantidade": "emb. 4 x 40 gr",
                                    "precoPorQuantidade": "6,81€/kg",
                                    "link": "https://www.continente.pt/produto/palmiers-com-massa-folhada-continente-4769767.html?cgid=mercearias-bolachas-biscoitos-bolos",
                                    "imagem": "https://www.continente.pt/dw/image/v2/BDVS_PRD/on/demandware.static/-/Sites-col-master-catalog/default/dwd13bc8d4/images/col/476/4769767-frente.jpg?sw=280&sh=280"
                                },
                                {
                                    "marca": "Bollycao",
                                    "descricao": "Bolo com Recheio de Chocolate",
                                    "preco": "0,99€",
                                    "preco_antigo": null,
                                    "quantidade": "emb.114 gr (2 un)",
                                    "precoPorQuantidade": "7,07€/kg",
                                    "link": "https://www.continente.pt/produto/bolo-com-recheio-de-chocolate-bollycao-4949604.html?cgid=mercearias-bolachas-biscoitos-bolos",
                                    "imagem": "https://www.continente.pt/dw/image/v2/BDVS_PRD/on/demandware.static/-/Sites-col-master-catalog/default/dwe9b50225/images/col/494/4949604-frente.jpg?sw=280&sh=280"
                                },
                                {
                                    "marca": "Manhãzitos",
                                    "descricao": "Pão de Leite",
                                    "preco": "1,49€",
                                    "preco_antigo": null,
                                    "quantidade": "emb. 216 gr (8 un)",
                                    "precoPorQuantidade": "7,10€/kg",
                                    "link": "https://www.continente.pt/produto/pao-de-leite-manhazitos-6495481.html?cgid=mercearias-bolachas-biscoitos-bolos",
                                    "imagem": "https://www.continente.pt/dw/image/v2/BDVS_PRD/on/demandware.static/-/Sites-col-master-catalog/default/dw715f36d9/images/col/649/6495481-frente.jpg?sw=280&sh=280"
                                },
                                {
                                    "marca": "Continente",
                                    "descricao": "Bolo com Cacau",
                                    "preco": "1,29€",
                                    "preco_antigo": null,
                                    "quantidade": "emb. 3 x 60 gr",
                                    "precoPorQuantidade": "7,17€/kg",
                                    "link": "https://www.continente.pt/produto/bolo-com-cacau-continente-6865895.html?cgid=mercearias-bolachas-biscoitos-bolos",
                                    "imagem": "https://www.continente.pt/dw/image/v2/BDVS_PRD/on/demandware.static/-/Sites-col-master-catalog/default/dw23d774e4/images/col/686/6865895-cima.jpg?sw=280&sh=280"
                                },
                                {
                                    "marca": "Aurora",
                                    "descricao": "Croissants",
                                    "preco": "1,83€",
                                    "preco_antigo": null,
                                    "quantidade": "emb. 240 gr (8 un)",
                                    "precoPorQuantidade": "7,63€/kg",
                                    "link": "https://www.continente.pt/produto/croissants-aurora-6894517.html?cgid=mercearias-bolachas-biscoitos-bolos",
                                    "imagem": "https://www.continente.pt/dw/image/v2/BDVS_PRD/on/demandware.static/-/Sites-col-master-catalog/default/dw2be8a4c6/images/col/689/6894517-frente.jpg?sw=280&sh=280"
                                },
                                {
                                    "marca": "DanCake",
                                    "descricao": "Torta com Cobertura de Cacau",
                                    "preco": "2,49€",
                                    "preco_antigo": null,
                                    "quantidade": "emb. 300 gr",
                                    "precoPorQuantidade": "8,30€/kg",
                                    "link": "https://www.continente.pt/produto/torta-com-cobertura-de-cacau-dancake-2003866.html?cgid=mercearias-bolachas-biscoitos-bolos",
                                    "imagem": "https://www.continente.pt/dw/image/v2/BDVS_PRD/on/demandware.static/-/Sites-col-master-catalog/default/dwb7b1a438/images/col/200/2003866-direito.jpg?sw=280&sh=280"
                                },
                                {
                                    "marca": "DanCake",
                                    "descricao": "Torta com Recheio de Chocolate e Avelã",
                                    "preco": "2,49€",
                                    "preco_antigo": null,
                                    "quantidade": "emb. 300 gr",
                                    "precoPorQuantidade": "8,30€/kg",
                                    "link": "https://www.continente.pt/produto/torta-com-recheio-de-chocolate-e-avela-dancake-5563309.html?cgid=mercearias-bolachas-biscoitos-bolos",
                                    "imagem": "https://www.continente.pt/dw/image/v2/BDVS_PRD/on/demandware.static/-/Sites-col-master-catalog/default/dwbc56bfb7/images/col/556/5563309-direito.jpg?sw=280&sh=280"
                                },
                                {
                                    "marca": "DanCake",
                                    "descricao": "Torta com Recheio de Morango",
                                    "preco": "2,49€",
                                    "preco_antigo": null,
                                    "quantidade": "emb. 300 gr",
                                    "precoPorQuantidade": "8,30€/kg",
                                    "link": "https://www.continente.pt/produto/torta-com-recheio-de-morango-dancake-2003873.html?cgid=mercearias-bolachas-biscoitos-bolos",
                                    "imagem": "https://www.continente.pt/dw/image/v2/BDVS_PRD/on/demandware.static/-/Sites-col-master-catalog/default/dw9a016698/images/col/200/2003873-frente.jpg?sw=280&sh=280"
                                },
                                {
                                    "marca": "Donuts",
                                    "descricao": "Bolo Glacé",
                                    "preco": "2,59€",
                                    "preco_antigo": null,
                                    "quantidade": "emb. 300 gr (6 un)",
                                    "precoPorQuantidade": "8,63€/kg",
                                    "link": "https://www.continente.pt/produto/bolo-glace-donuts-2564354.html?cgid=mercearias-bolachas-biscoitos-bolos",
                                    "imagem": "https://www.continente.pt/dw/image/v2/BDVS_PRD/on/demandware.static/-/Sites-col-master-catalog/default/dw01cf2574/images/col/256/2564354-direito.jpg?sw=280&sh=280"
                                },
                                {
                                    "marca": "Manhãzitos",
                                    "descricao": "Bolo Planetus",
                                    "preco": "2,69€",
                                    "preco_antigo": null,
                                    "quantidade": "emb. 310 gr (9 un)",
                                    "precoPorQuantidade": "8,68€/kg",
                                    "link": "https://www.continente.pt/produto/bolo-planetus-manhazitos-4906498.html?cgid=mercearias-bolachas-biscoitos-bolos",
                                    "imagem": "https://www.continente.pt/dw/image/v2/BDVS_PRD/on/demandware.static/-/Sites-col-master-catalog/default/dw7b27497a/images/col/490/4906498-frente.jpg?sw=280&sh=280"
                                },
                                {
                                    "marca": "Bollycao",
                                    "descricao": "Bolo com Recheio de Chocolate",
                                    "preco": "1,99€",
                                    "preco_antigo": null,
                                    "quantidade": "emb. 228 gr (4 un)",
                                    "precoPorQuantidade": "8,73€/kg",
                                    "link": "https://www.continente.pt/produto/bolo-com-recheio-de-chocolate-bollycao-2004744.html?cgid=mercearias-bolachas-biscoitos-bolos",
                                    "imagem": "https://www.continente.pt/dw/image/v2/BDVS_PRD/on/demandware.static/-/Sites-col-master-catalog/default/dwcc45a86a/images/col/200/2004744-frente.jpg?sw=280&sh=280"
                                },
                                {
                                    "marca": "Bollycao",
                                    "descricao": "Bolo com Recheio de Chocolate de Leite",
                                    "preco": "1,99€",
                                    "preco_antigo": null,
                                    "quantidade": "emb. 228 gr (4 un)",
                                    "precoPorQuantidade": "8,73€/kg",
                                    "link": "https://www.continente.pt/produto/bolo-com-recheio-de-chocolate-de-leite-bollycao-2564601.html?cgid=mercearias-bolachas-biscoitos-bolos",
                                    "imagem": "https://www.continente.pt/dw/image/v2/BDVS_PRD/on/demandware.static/-/Sites-col-master-catalog/default/dw7a09ec70/images/col/256/2564601-frente.jpg?sw=280&sh=280"
                                },
                                {
                                    "marca": "Midi",
                                    "descricao": "Bolo Farci de Avelã",
                                    "preco": "2,49€",
                                    "preco_antigo": null,
                                    "quantidade": "emb. 280 gr (10 un)",
                                    "precoPorQuantidade": "8,89€/kg",
                                    "link": "https://www.continente.pt/produto/bolo-farci-de-avela-midi-5944949.html?cgid=mercearias-bolachas-biscoitos-bolos",
                                    "imagem": "https://www.continente.pt/dw/image/v2/BDVS_PRD/on/demandware.static/-/Sites-col-master-catalog/default/dw63f04f5f/images/col/594/5944949-direito.jpg?sw=280&sh=280"
                                },
                                {
                                    "marca": "Midi",
                                    "descricao": "Bolo Farci de Morango",
                                    "preco": "2,49€",
                                    "preco_antigo": null,
                                    "quantidade": "emb. 280 gr (10 un)",
                                    "precoPorQuantidade": "8,89€/kg",
                                    "link": "https://www.continente.pt/produto/bolo-farci-de-morango-midi-5944970.html?cgid=mercearias-bolachas-biscoitos-bolos",
                                    "imagem": "https://www.continente.pt/dw/image/v2/BDVS_PRD/on/demandware.static/-/Sites-col-master-catalog/default/dwd31a5d4b/images/col/594/5944970-direito.jpg?sw=280&sh=280"
                                },
                                {
                                    "marca": "Midi",
                                    "descricao": "Bolo FarciKao de Chocolate",
                                    "preco": "2,49€",
                                    "preco_antigo": null,
                                    "quantidade": "emb. 280 gr (10 un)",
                                    "precoPorQuantidade": "8,89€/kg",
                                    "link": "https://www.continente.pt/produto/bolo-farcikao-de-chocolate-midi-5944956.html?cgid=mercearias-bolachas-biscoitos-bolos",
                                    "imagem": "https://www.continente.pt/dw/image/v2/BDVS_PRD/on/demandware.static/-/Sites-col-master-catalog/default/dw48d35280/images/col/594/5944956-direito.jpg?sw=280&sh=280"
                                },
                                {
                                    "marca": "Manhãzitos",
                                    "descricao": "Bolo Planetus com - 50% Açúcares",
                                    "preco": "1,88€",
                                    "preco_antigo": null,
                                    "quantidade": "emb. 210 gr (6 un)",
                                    "precoPorQuantidade": "8,95€/kg",
                                    "link": "https://www.continente.pt/produto/bolo-planetus-com---50--acucares-manhazitos-5543692.html?cgid=mercearias-bolachas-biscoitos-bolos",
                                    "imagem": "https://www.continente.pt/dw/image/v2/BDVS_PRD/on/demandware.static/-/Sites-col-master-catalog/default/dw25457b24/images/col/554/5543692-frente.jpg?sw=280&sh=280"
                                },
                                {
                                    "marca": "Brioche Pasquier",
                                    "descricao": "Panquecas",
                                    "preco": "2,65€",
                                    "preco_antigo": null,
                                    "quantidade": "emb. 280 gr",
                                    "precoPorQuantidade": "9,46€/kg",
                                    "link": "https://www.continente.pt/produto/panquecas-brioche-pasquier-5662755.html?cgid=mercearias-bolachas-biscoitos-bolos",
                                    "imagem": "https://www.continente.pt/dw/image/v2/BDVS_PRD/on/demandware.static/-/Sites-col-master-catalog/default/dwba511fb6/images/col/566/5662755-esquerdo.jpg?sw=280&sh=280"
                                },
                                {
                                    "marca": "Manhãzitos",
                                    "descricao": "Bolo de Leite",
                                    "preco": "2,69€",
                                    "preco_antigo": null,
                                    "quantidade": "emb. 280 gr (8 un)",
                                    "precoPorQuantidade": "9,61€/kg",
                                    "link": "https://www.continente.pt/produto/bolo-de-leite-manhazitos-2823116.html?cgid=mercearias-bolachas-biscoitos-bolos",
                                    "imagem": "https://www.continente.pt/dw/image/v2/BDVS_PRD/on/demandware.static/-/Sites-col-master-catalog/default/dwe67a3630/images/col/282/2823116-frente.jpg?sw=280&sh=280"
                                },
                                {
                                    "marca": "Manhãzitos",
                                    "descricao": "Bolo com Pepitas de Chocolate",
                                    "preco": "2,69€",
                                    "preco_antigo": null,
                                    "quantidade": "emb. 280 gr (8 un)",
                                    "precoPorQuantidade": "9,61€/kg",
                                    "link": "https://www.continente.pt/produto/bolo-com-pepitas-de-chocolate-manhazitos-2722439.html?cgid=mercearias-bolachas-biscoitos-bolos",
                                    "imagem": "https://www.continente.pt/dw/image/v2/BDVS_PRD/on/demandware.static/-/Sites-col-master-catalog/default/dw47236131/images/col/272/2722439-frente.jpg?sw=280&sh=280"
                                },
                                {
                                    "marca": "Du Bois",
                                    "descricao": "Palmiers",
                                    "preco": "1,49€",
                                    "preco_antigo": null,
                                    "quantidade": "emb. 150 gr (6 x 3)",
                                    "precoPorQuantidade": "9,93€/kg",
                                    "link": "https://www.continente.pt/produto/palmiers-du-bois-5297155.html?cgid=mercearias-bolachas-biscoitos-bolos",
                                    "imagem": "https://www.continente.pt/dw/image/v2/BDVS_PRD/on/demandware.static/-/Sites-col-master-catalog/default/dw0fe9e9b8/images/col/529/5297155-frente.jpg?sw=280&sh=280"
                                },
                                {
                                    "marca": "Donuts",
                                    "descricao": "Bolo Glacé",
                                    "preco": "1,99€",
                                    "preco_antigo": null,
                                    "quantidade": "emb. 200 gr (4 un)",
                                    "precoPorQuantidade": "9,95€/kg",
                                    "link": "https://www.continente.pt/produto/bolo-glace-donuts-4714094.html?cgid=mercearias-bolachas-biscoitos-bolos",
                                    "imagem": "https://www.continente.pt/dw/image/v2/BDVS_PRD/on/demandware.static/-/Sites-col-master-catalog/default/dw6885b96e/images/col/471/4714094-direito.jpg?sw=280&sh=280"
                                },
                                {
                                    "marca": "Bimbo",
                                    "descricao": "Mini Brownies de Chocolate Little Bites",
                                    "preco": "1,99€",
                                    "preco_antigo": null,
                                    "quantidade": "emb. 200 gr (4 un)",
                                    "precoPorQuantidade": "9,95€/kg",
                                    "link": "https://www.continente.pt/produto/mini-brownies-de-chocolate-little-bites-bimbo-7165377.html?cgid=mercearias-bolachas-biscoitos-bolos",
                                    "imagem": "https://www.continente.pt/dw/image/v2/BDVS_PRD/on/demandware.static/-/Sites-col-master-catalog/default/dwcd479ba8/images/col/716/7165377-esquerdo.jpg?sw=280&sh=280"
                                },
                                {
                                    "marca": "Midi",
                                    "descricao": "Bolo Ciao de Leite",
                                    "preco": "3,59€",
                                    "preco_antigo": null,
                                    "quantidade": "emb. 350 gr (10 un)",
                                    "precoPorQuantidade": "10,26€/kg",
                                    "link": "https://www.continente.pt/produto/bolo-ciao-de-leite-midi-5960119.html?cgid=mercearias-bolachas-biscoitos-bolos",
                                    "imagem": "https://www.continente.pt/dw/image/v2/BDVS_PRD/on/demandware.static/-/Sites-col-master-catalog/default/dwd558a913/images/col/596/5960119-direito.jpg?sw=280&sh=280"
                                },
                                {
                                    "marca": "Bollycao",
                                    "descricao": "Bolo com Recheio de Chocolate",
                                    "preco": "0,59€",
                                    "preco_antigo": null,
                                    "quantidade": "emb. 57 gr",
                                    "precoPorQuantidade": "10,35€/kg",
                                    "link": "https://www.continente.pt/produto/bolo-com-recheio-de-chocolate-bollycao-2004740.html?cgid=mercearias-bolachas-biscoitos-bolos",
                                    "imagem": "https://www.continente.pt/dw/image/v2/BDVS_PRD/on/demandware.static/-/Sites-col-master-catalog/default/dwe0c4e8d5/images/col/200/2004740-frente.jpg?sw=280&sh=280"
                                },
                                {
                                    "marca": "Bimbo",
                                    "descricao": "Mini Muffins Little Bites",
                                    "preco": "1,99€",
                                    "preco_antigo": null,
                                    "quantidade": "emb. 188 gr (4 un)",
                                    "precoPorQuantidade": "10,59€/kg",
                                    "link": "https://www.continente.pt/produto/mini-muffins-little-bites-bimbo-6838666.html?cgid=mercearias-bolachas-biscoitos-bolos",
                                    "imagem": "https://www.continente.pt/dw/image/v2/BDVS_PRD/on/demandware.static/-/Sites-col-master-catalog/default/dw13ed4493/images/col/683/6838666-esquerdo.jpg?sw=280&sh=280"
                                },
                                {
                                    "marca": "Bollycao",
                                    "descricao": "Bolo Mini com Recheio de Chocolate",
                                    "preco": "0,99€",
                                    "preco_antigo": null,
                                    "quantidade": "emb. 90 gr (6 un)",
                                    "precoPorQuantidade": "11,00€/kg",
                                    "link": "https://www.continente.pt/produto/bolo-mini-com-recheio-de-chocolate-bollycao-2462808.html?cgid=mercearias-bolachas-biscoitos-bolos",
                                    "imagem": "https://www.continente.pt/dw/image/v2/BDVS_PRD/on/demandware.static/-/Sites-col-master-catalog/default/dwcc3341c9/images/col/246/2462808-frente.jpg?sw=280&sh=280"
                                },
                                {
                                    "marca": "Bimbo",
                                    "descricao": "Bolo Little Bites Laranja",
                                    "preco": "1,99€",
                                    "preco_antigo": null,
                                    "quantidade": "emb. 168 gr (4 un)",
                                    "precoPorQuantidade": "11,85€/kg",
                                    "link": "https://www.continente.pt/produto/bolo-little-bites-laranja-bimbo-7473247.html?cgid=mercearias-bolachas-biscoitos-bolos",
                                    "imagem": "https://www.continente.pt/dw/image/v2/BDVS_PRD/on/demandware.static/-/Sites-col-master-catalog/default/dw124b4c27/images/col/747/7473247-esquerdo.jpg?sw=280&sh=280"
                                },
                                {
                                    "marca": "Bimbo",
                                    "descricao": "Mini Muffins Little Bites",
                                    "preco": "1,99€",
                                    "preco_antigo": null,
                                    "quantidade": "emb. 168 gr (4 un)",
                                    "precoPorQuantidade": "11,85€/kg",
                                    "link": "https://www.continente.pt/produto/mini-muffins-little-bites-bimbo-7550191.html?cgid=mercearias-bolachas-biscoitos-bolos",
                                    "imagem": "https://www.continente.pt/dw/image/v2/BDVS_PRD/on/demandware.static/-/Sites-col-master-catalog/default/dw120d960b/images/col/755/7550191-esquerdo.jpg?sw=280&sh=280"
                                },
                                {
                                    "marca": "Kinder",
                                    "descricao": "Snack de Chocolate Kinder Délice",
                                    "preco": "4,99€",
                                    "preco_antigo": null,
                                    "quantidade": "emb. 403 gr (10 un)",
                                    "precoPorQuantidade": "12,38€/kg",
                                    "link": "https://www.continente.pt/produto/snack-de-chocolate-kinder-delice-kinder-6217441.html?cgid=mercearias-bolachas-biscoitos-bolos",
                                    "imagem": "https://www.continente.pt/dw/image/v2/BDVS_PRD/on/demandware.static/-/Sites-col-master-catalog/default/dwb8d9fa9d/images/col/621/6217441-direito.jpg?sw=280&sh=280"
                                },
                                {
                                    "marca": "Donuts",
                                    "descricao": "Bolo Mini",
                                    "preco": "1,49€",
                                    "preco_antigo": null,
                                    "quantidade": "emb. 120g (5 un)",
                                    "precoPorQuantidade": "12,42€/kg",
                                    "link": "https://www.continente.pt/produto/bolo-mini-donuts-6649663.html?cgid=mercearias-bolachas-biscoitos-bolos",
                                    "imagem": "https://www.continente.pt/dw/image/v2/BDVS_PRD/on/demandware.static/-/Sites-col-master-catalog/default/dw4af08500/images/col/664/6649663-direito.jpg?sw=280&sh=280"
                                },
                                {
                                    "marca": "Chipicao",
                                    "descricao": "Bolo com Recheio de Chocolate",
                                    "preco": "2,85€",
                                    "preco_antigo": null,
                                    "quantidade": "emb. 288 gr (4 un)",
                                    "precoPorQuantidade": "12,50€/kg",
                                    "link": "https://www.continente.pt/produto/bolo-com-recheio-de-chocolate-chipicao-3879147.html?cgid=mercearias-bolachas-biscoitos-bolos",
                                    "imagem": "https://www.continente.pt/dw/image/v2/BDVS_PRD/on/demandware.static/-/Sites-col-master-catalog/default/dwfbfb09bf/images/col/387/3879147-frente.jpg?sw=280&sh=280"
                                },
                                {
                                    "marca": "Manhãzitos",
                                    "descricao": "Bolo Planetus",
                                    "preco": "2,79€",
                                    "preco_antigo": null,
                                    "quantidade": "emb. 210 gr (6 un)",
                                    "precoPorQuantidade": "13,29€/kg",
                                    "link": "https://www.continente.pt/produto/bolo-planetus-manhazitos-4389827.html?cgid=mercearias-bolachas-biscoitos-bolos",
                                    "imagem": "https://www.continente.pt/dw/image/v2/BDVS_PRD/on/demandware.static/-/Sites-col-master-catalog/default/dw5e3fd9de/images/col/438/4389827-frente.jpg?sw=280&sh=280"
                                },
                                {
                                    "marca": "Midi",
                                    "descricao": "Bolo Ciao Roll Milk",
                                    "preco": "2,99€",
                                    "preco_antigo": null,
                                    "quantidade": "emb. 222 gr (6 un)",
                                    "precoPorQuantidade": "13,47€/kg",
                                    "link": "https://www.continente.pt/produto/bolo-ciao-roll-milk-midi-6355878.html?cgid=mercearias-bolachas-biscoitos-bolos",
                                    "imagem": "https://www.continente.pt/dw/image/v2/BDVS_PRD/on/demandware.static/-/Sites-col-master-catalog/default/dw716f3ccd/images/col/635/6355878-direito.jpg?sw=280&sh=280"
                                },
                                {
                                    "marca": "Midi",
                                    "descricao": "Bolo CiaoRoll com Creme de Avelã",
                                    "preco": "2,99€",
                                    "preco_antigo": null,
                                    "quantidade": "emb. 222 gr (emb. 6 un)",
                                    "precoPorQuantidade": "13,47€/kg",
                                    "link": "https://www.continente.pt/produto/bolo-ciaoroll-com-creme-de-avela-midi-6348271.html?cgid=mercearias-bolachas-biscoitos-bolos",
                                    "imagem": "https://www.continente.pt/dw/image/v2/BDVS_PRD/on/demandware.static/-/Sites-col-master-catalog/default/dwd8f015af/images/col/634/6348271-direito.jpg?sw=280&sh=280"
                                },
                                {
                                    "marca": "Kinder",
                                    "descricao": "Snack de Chocolate Kinder Delice Coco",
                                    "preco": "4,99€",
                                    "preco_antigo": null,
                                    "quantidade": "emb. 370 gr (10 un)",
                                    "precoPorQuantidade": "13,49€/kg",
                                    "link": "https://www.continente.pt/produto/snack-de-chocolate-kinder-delice-coco-kinder-7358166.html?cgid=mercearias-bolachas-biscoitos-bolos",
                                    "imagem": "https://www.continente.pt/dw/image/v2/BDVS_PRD/on/demandware.static/-/Sites-col-master-catalog/default/dw449a2ee3/images/col/735/7358166-frente.jpg?sw=280&sh=280"
                                },
                                {
                                    "marca": "Milka",
                                    "descricao": "Bolo Cake and Choc",
                                    "preco": "2,49€",
                                    "preco_antigo": null,
                                    "quantidade": "emb. 175 gr (5 un)",
                                    "precoPorQuantidade": "14,23€/kg",
                                    "link": "https://www.continente.pt/produto/bolo-cake-and-choc-milka-5028451.html?cgid=mercearias-bolachas-biscoitos-bolos",
                                    "imagem": "https://www.continente.pt/dw/image/v2/BDVS_PRD/on/demandware.static/-/Sites-col-master-catalog/default/dwb780d5a1/images/col/502/5028451-cima.jpg?sw=280&sh=280"
                                },
                                {
                                    "marca": "Chipicao",
                                    "descricao": "Croissants Mini com Recheio de Baunilha",
                                    "preco": "1,15€",
                                    "preco_antigo": null,
                                    "quantidade": "emb. 80 gr",
                                    "precoPorQuantidade": "14,38€/kg",
                                    "link": "https://www.continente.pt/produto/croissants-mini-com-recheio-de-baunilha-chipicao-2952588.html?cgid=mercearias-bolachas-biscoitos-bolos",
                                    "imagem": "https://www.continente.pt/dw/image/v2/BDVS_PRD/on/demandware.static/-/Sites-col-master-catalog/default/dw4f6098ae/images/col/295/2952588-frente.jpg?sw=280&sh=280"
                                },
                                {
                                    "marca": "Chipicao",
                                    "descricao": "Croissants Mini com Recheio de Chocolate",
                                    "preco": "1,15€",
                                    "preco_antigo": null,
                                    "quantidade": "emb. 80 gr",
                                    "precoPorQuantidade": "14,38€/kg",
                                    "link": "https://www.continente.pt/produto/croissants-mini-com-recheio-de-chocolate-chipicao-2952572.html?cgid=mercearias-bolachas-biscoitos-bolos",
                                    "imagem": "https://www.continente.pt/dw/image/v2/BDVS_PRD/on/demandware.static/-/Sites-col-master-catalog/default/dwdbdfa4dd/images/col/295/2952572-frente.jpg?sw=280&sh=280"
                                },
                                {
                                    "marca": "Kinder",
                                    "descricao": "Snack de Chocolate Kinder Delice",
                                    "preco": "2,29€",
                                    "preco_antigo": null,
                                    "quantidade": "emb. 156 gr (4 un)",
                                    "precoPorQuantidade": "14,68€/kg",
                                    "link": "https://www.continente.pt/produto/snack-de-chocolate-kinder-delice-kinder-6720745.html?cgid=mercearias-bolachas-biscoitos-bolos",
                                    "imagem": "https://www.continente.pt/dw/image/v2/BDVS_PRD/on/demandware.static/-/Sites-col-master-catalog/default/dw7d6415bb/images/col/672/6720745-direito.jpg?sw=280&sh=280"
                                },
                                {
                                    "marca": "Manhãzitos",
                                    "descricao": "Manhãzitos Cereal Vita",
                                    "preco": "3,99€",
                                    "preco_antigo": null,
                                    "quantidade": "emb. 260 gr (8 un)",
                                    "precoPorQuantidade": "15,35€/kg",
                                    "link": "https://www.continente.pt/produto/manhazitos-cereal-vita-manhazitos-6629044.html?cgid=mercearias-bolachas-biscoitos-bolos",
                                    "imagem": "https://www.continente.pt/dw/image/v2/BDVS_PRD/on/demandware.static/-/Sites-col-master-catalog/default/dw6e84d131/images/col/662/6629044-frente.jpg?sw=280&sh=280"
                                },
                                {
                                    "marca": "Chipicao",
                                    "descricao": "Croissant com Recheio de Chocolate",
                                    "preco": "1,24€",
                                    "preco_antigo": null,
                                    "quantidade": "emb. 80 gr",
                                    "precoPorQuantidade": "15,50€/kg",
                                    "link": "https://www.continente.pt/produto/croissant-com-recheio-de-chocolate-chipicao-2952594.html?cgid=mercearias-bolachas-biscoitos-bolos",
                                    "imagem": "https://www.continente.pt/dw/image/v2/BDVS_PRD/on/demandware.static/-/Sites-col-master-catalog/default/dwb155a6e4/images/col/295/2952594-frente.jpg?sw=280&sh=280"
                                },
                                {
                                    "marca": "Milka",
                                    "descricao": "Bolo Choco Tutti",
                                    "preco": "2,49€",
                                    "preco_antigo": null,
                                    "quantidade": "emb. 150 gr (5 un)",
                                    "precoPorQuantidade": "16,60€/kg",
                                    "link": "https://www.continente.pt/produto/bolo-choco-tutti-milka-5347640.html?cgid=mercearias-bolachas-biscoitos-bolos",
                                    "imagem": "https://www.continente.pt/dw/image/v2/BDVS_PRD/on/demandware.static/-/Sites-col-master-catalog/default/dwaf23a734/images/col/534/5347640-direito.jpg?sw=280&sh=280"
                                },
                                {
                                    "marca": "Milka",
                                    "descricao": "Bolo Choco Brownie",
                                    "preco": "2,49€",
                                    "preco_antigo": null,
                                    "quantidade": "emb. 150 gr (6 un)",
                                    "precoPorQuantidade": "16,60€/kg",
                                    "link": "https://www.continente.pt/produto/bolo-choco-brownie-milka-6064400.html?cgid=mercearias-bolachas-biscoitos-bolos",
                                    "imagem": "https://www.continente.pt/dw/image/v2/BDVS_PRD/on/demandware.static/-/Sites-col-master-catalog/default/dw692c86ee/images/col/606/6064400-direito.jpg?sw=280&sh=280"
                                },
                                {
                                    "marca": "Kinder",
                                    "descricao": "Snack de Chocolate Kinder Délice",
                                    "preco": "0,79€",
                                    "preco_antigo": null,
                                    "quantidade": "emb. 40,3 gr",
                                    "precoPorQuantidade": "18,37€/kg",
                                    "link": "https://www.continente.pt/produto/snack-de-chocolate-kinder-delice-kinder-6345995.html?cgid=mercearias-bolachas-biscoitos-bolos",
                                    "imagem": "https://www.continente.pt/dw/image/v2/BDVS_PRD/on/demandware.static/-/Sites-col-master-catalog/default/dwf8abe682/images/col/634/6345995-frente.jpg?sw=280&sh=280"
                                },
                                {
                                    "marca": "Chipicao",
                                    "descricao": "Bolo com Recheio de Chocolate Original",
                                    "preco": "1,12€",
                                    "preco_antigo": null,
                                    "quantidade": "emb. 57 gr",
                                    "precoPorQuantidade": "19,65€/kg",
                                    "link": "https://www.continente.pt/produto/bolo-com-recheio-de-chocolate-original-chipicao-2209487.html?cgid=mercearias-bolachas-biscoitos-bolos",
                                    "imagem": "https://www.continente.pt/dw/image/v2/BDVS_PRD/on/demandware.static/-/Sites-col-master-catalog/default/dw03580aca/images/col/220/2209487-frente.jpg?sw=280&sh=280"
                                }
                            ]
                        },
                        {
                            "name": "Bolachas e Biscoitos Salgados",
                            "items": [
                                {
                                    "marca": "Continente",
                                    "descricao": "Bolachas Cream Cracker",
                                    "preco": "1,74€",
                                    "preco_antigo": null,
                                    "quantidade": "emb. 600 gr (3 un)",
                                    "precoPorQuantidade": "2,90€/kg",
                                    "link": "https://www.continente.pt/produto/bolachas-cream-cracker-continente-4816759.html?cgid=mercearias-bolachas-biscoitos-salgados",
                                    "imagem": "https://www.continente.pt/dw/image/v2/BDVS_PRD/on/demandware.static/-/Sites-col-master-catalog/default/dwd8636ffb/images/col/481/4816759-hero.jpg?sw=280&sh=280"
                                },
                                {
                                    "marca": "Continente",
                                    "descricao": "Bolachas Cream Cracker",
                                    "preco": "0,59€",
                                    "preco_antigo": null,
                                    "quantidade": "emb. 200 gr",
                                    "precoPorQuantidade": "2,95€/kg",
                                    "link": "https://www.continente.pt/produto/bolachas-cream-cracker-continente-4816740.html?cgid=mercearias-bolachas-biscoitos-salgados",
                                    "imagem": "https://www.continente.pt/dw/image/v2/BDVS_PRD/on/demandware.static/-/Sites-col-master-catalog/default/dwbac8eb20/images/col/481/4816740-hero.jpg?sw=280&sh=280"
                                },
                                {
                                    "marca": "Continente",
                                    "descricao": "Bolachas de Água e Sal",
                                    "preco": "1,15€",
                                    "preco_antigo": null,
                                    "quantidade": "emb. 375 gr (3 un)",
                                    "precoPorQuantidade": "3,07€/kg",
                                    "link": "https://www.continente.pt/produto/bolachas-de-agua-e-sal-continente-2161268.html?cgid=mercearias-bolachas-biscoitos-salgados",
                                    "imagem": "https://www.continente.pt/dw/image/v2/BDVS_PRD/on/demandware.static/-/Sites-col-master-catalog/default/dwc3cd2f99/images/col/216/2161268-hero.jpg?sw=280&sh=280"
                                },
                                {
                                    "marca": "Continente",
                                    "descricao": "Bolachas de Água e Sal",
                                    "preco": "0,39€",
                                    "preco_antigo": null,
                                    "quantidade": "emb. 125 gr",
                                    "precoPorQuantidade": "3,12€/kg",
                                    "link": "https://www.continente.pt/produto/bolachas-de-agua-e-sal-continente-2062207.html?cgid=mercearias-bolachas-biscoitos-salgados",
                                    "imagem": "https://www.continente.pt/dw/image/v2/BDVS_PRD/on/demandware.static/-/Sites-col-master-catalog/default/dw3d71e4fa/images/col/206/2062207-hero.jpg?sw=280&sh=280"
                                },
                                {
                                    "marca": "Cuétara",
                                    "descricao": "Bolachas Cream Cracker Integrais",
                                    "preco": "0,64€",
                                    "preco_antigo": null,
                                    "quantidade": "emb. 200 gr",
                                    "precoPorQuantidade": "3,20€/kg",
                                    "link": "https://www.continente.pt/produto/bolachas-cream-cracker-integrais-cuetara-2148197.html?cgid=mercearias-bolachas-biscoitos-salgados",
                                    "imagem": "https://www.continente.pt/dw/image/v2/BDVS_PRD/on/demandware.static/-/Sites-col-master-catalog/default/dwd9348675/images/col/214/2148197-esquerdo.jpg?sw=280&sh=280"
                                },
                                {
                                    "marca": "Cuétara",
                                    "descricao": "Bolachas Cream Cracker",
                                    "preco": "0,64€",
                                    "preco_antigo": null,
                                    "quantidade": "emb. 200 gr",
                                    "precoPorQuantidade": "3,20€/kg",
                                    "link": "https://www.continente.pt/produto/bolachas-cream-cracker-cuetara-2003370.html?cgid=mercearias-bolachas-biscoitos-salgados",
                                    "imagem": "https://www.continente.pt/dw/image/v2/BDVS_PRD/on/demandware.static/-/Sites-col-master-catalog/default/dwb4e89d38/images/col/200/2003370-esquerdo.jpg?sw=280&sh=280"
                                },
                                {
                                    "marca": "Continente",
                                    "descricao": "Bolachas Crackers Integrais",
                                    "preco": "1,69€",
                                    "preco_antigo": null,
                                    "quantidade": "emb. 500 gr (14 un)",
                                    "precoPorQuantidade": "3,38€/kg",
                                    "link": "https://www.continente.pt/produto/bolachas-crackers-integrais-continente-4773606.html?cgid=mercearias-bolachas-biscoitos-salgados",
                                    "imagem": "https://www.continente.pt/dw/image/v2/BDVS_PRD/on/demandware.static/-/Sites-col-master-catalog/default/dw0437dfc8/images/col/477/4773606-hero.jpg?sw=280&sh=280"
                                },
                                {
                                    "marca": "Continente",
                                    "descricao": "Bolachas Crackers com Sal",
                                    "preco": "1,69€",
                                    "preco_antigo": null,
                                    "quantidade": "emb. 500 gr (14 un)",
                                    "precoPorQuantidade": "3,38€/kg",
                                    "link": "https://www.continente.pt/produto/bolachas-crackers-com-sal-continente-4773653.html?cgid=mercearias-bolachas-biscoitos-salgados",
                                    "imagem": "https://www.continente.pt/dw/image/v2/BDVS_PRD/on/demandware.static/-/Sites-col-master-catalog/default/dw9fcfb1a5/images/col/477/4773653-hero.jpg?sw=280&sh=280"
                                },
                                {
                                    "marca": "Continente",
                                    "descricao": "Bolachas Crackers sem Sal na Superfície",
                                    "preco": "1,69€",
                                    "preco_antigo": null,
                                    "quantidade": "emb. 500 gr (14 un)",
                                    "precoPorQuantidade": "3,38€/kg",
                                    "link": "https://www.continente.pt/produto/bolachas-crackers-sem-sal-na-superficie-continente-4773581.html?cgid=mercearias-bolachas-biscoitos-salgados",
                                    "imagem": "https://www.continente.pt/dw/image/v2/BDVS_PRD/on/demandware.static/-/Sites-col-master-catalog/default/dw4b8ac21a/images/col/477/4773581-hero.jpg?sw=280&sh=280"
                                },
                                {
                                    "marca": "Du Bois",
                                    "descricao": "Bolachas Cracker Integrais",
                                    "preco": "2,79€",
                                    "preco_antigo": null,
                                    "quantidade": "emb. 500 gr (20 un)",
                                    "precoPorQuantidade": "5,58€/kg",
                                    "link": "https://www.continente.pt/produto/bolachas-cracker-integrais-du-bois-2811336.html?cgid=mercearias-bolachas-biscoitos-salgados",
                                    "imagem": "https://www.continente.pt/dw/image/v2/BDVS_PRD/on/demandware.static/-/Sites-col-master-catalog/default/dw352890f5/images/col/281/2811336-frente.jpg?sw=280&sh=280"
                                },
                                {
                                    "marca": "Du Bois",
                                    "descricao": "Bolachas Crackers com Sal",
                                    "preco": "2,79€",
                                    "preco_antigo": null,
                                    "quantidade": "emb. 500 gr (20 un)",
                                    "precoPorQuantidade": "5,58€/kg",
                                    "link": "https://www.continente.pt/produto/bolachas-crackers-com-sal-du-bois-2811330.html?cgid=mercearias-bolachas-biscoitos-salgados",
                                    "imagem": "https://www.continente.pt/dw/image/v2/BDVS_PRD/on/demandware.static/-/Sites-col-master-catalog/default/dw98933a1d/images/col/281/2811330-frente.jpg?sw=280&sh=280"
                                },
                                {
                                    "marca": "Du Bois",
                                    "descricao": "Bolachas Crackers sem Sal",
                                    "preco": "2,79€",
                                    "preco_antigo": null,
                                    "quantidade": "emb. 500 gr (20 un)",
                                    "precoPorQuantidade": "5,58€/kg",
                                    "link": "https://www.continente.pt/produto/bolachas-crackers-sem-sal-du-bois-2811344.html?cgid=mercearias-bolachas-biscoitos-salgados",
                                    "imagem": "https://www.continente.pt/dw/image/v2/BDVS_PRD/on/demandware.static/-/Sites-col-master-catalog/default/dw37582a3d/images/col/281/2811344-frente.jpg?sw=280&sh=280"
                                },
                                {
                                    "marca": "Continente",
                                    "descricao": "Frasco Pretzels Sticks",
                                    "preco": "1,69€",
                                    "preco_antigo": null,
                                    "quantidade": "emb. 300 gr",
                                    "precoPorQuantidade": "5,63€/kg",
                                    "link": "https://www.continente.pt/produto/frasco-pretzels-sticks-continente-7388646.html?cgid=mercearias-bolachas-biscoitos-salgados",
                                    "imagem": "https://www.continente.pt/dw/image/v2/BDVS_PRD/on/demandware.static/-/Sites-col-master-catalog/default/dwe8b0dd52/images/col/738/7388646-frente.jpg?sw=280&sh=280"
                                },
                                {
                                    "marca": "Jacobs",
                                    "descricao": "Bolachas Cream Crackers Original",
                                    "preco": "1,19€",
                                    "preco_antigo": null,
                                    "quantidade": "emb. 200 gr",
                                    "precoPorQuantidade": "5,95€/kg",
                                    "link": "https://www.continente.pt/produto/bolachas-cream-crackers-original-jacobs-5110862.html?cgid=mercearias-bolachas-biscoitos-salgados",
                                    "imagem": "https://www.continente.pt/dw/image/v2/BDVS_PRD/on/demandware.static/-/Sites-col-master-catalog/default/dw7e1ef930/images/col/511/5110862-direito.jpg?sw=280&sh=280"
                                },
                                {
                                    "marca": "Vieira",
                                    "descricao": "Bolachas Cream Cracker",
                                    "preco": "1,25€",
                                    "preco_antigo": null,
                                    "quantidade": "emb. 200 gr",
                                    "precoPorQuantidade": "6,25€/kg",
                                    "link": "https://www.continente.pt/produto/bolachas-cream-cracker-vieira-5361587.html?cgid=mercearias-bolachas-biscoitos-salgados",
                                    "imagem": "https://www.continente.pt/dw/image/v2/BDVS_PRD/on/demandware.static/-/Sites-col-master-catalog/default/dwd1a2285e/images/col/536/5361587-esquerdo.jpg?sw=280&sh=280"
                                },
                                {
                                    "marca": "Continente",
                                    "descricao": "Bolachas Salgadas",
                                    "preco": "0,69€",
                                    "preco_antigo": null,
                                    "quantidade": "emb. 100 gr",
                                    "precoPorQuantidade": "6,90€/kg",
                                    "link": "https://www.continente.pt/produto/bolachas-salgadas-continente-5762559.html?cgid=mercearias-bolachas-biscoitos-salgados",
                                    "imagem": "https://www.continente.pt/dw/image/v2/BDVS_PRD/on/demandware.static/-/Sites-col-master-catalog/default/dwcc9005bd/images/col/576/5762559-hero.jpg?sw=280&sh=280"
                                },
                                {
                                    "marca": "Vieira",
                                    "descricao": "Bolachas de Água e Sal",
                                    "preco": "2,64€",
                                    "preco_antigo": null,
                                    "quantidade": "emb. 125 gr (3 un)",
                                    "precoPorQuantidade": "7,04€/kg",
                                    "link": "https://www.continente.pt/produto/bolachas-de-agua-e-sal-vieira-2410981.html?cgid=mercearias-bolachas-biscoitos-salgados",
                                    "imagem": "https://www.continente.pt/dw/image/v2/BDVS_PRD/on/demandware.static/-/Sites-col-master-catalog/default/dwf40e1f18/images/col/241/2410981-esquerdo.jpg?sw=280&sh=280"
                                },
                                {
                                    "marca": "Gran Pavesi",
                                    "descricao": "Bolachas Crackers sem Sal na Superfície",
                                    "preco": "3,99€",
                                    "preco_antigo": null,
                                    "quantidade": "emb. 560 gr (18 un)",
                                    "precoPorQuantidade": "7,13€/kg",
                                    "link": "https://www.continente.pt/produto/bolachas-crackers-sem-sal-na-superficie-gran-pavesi-3711417.html?cgid=mercearias-bolachas-biscoitos-salgados",
                                    "imagem": "https://www.continente.pt/dw/image/v2/BDVS_PRD/on/demandware.static/-/Sites-col-master-catalog/default/dw16e7e665/images/col/371/3711417-frente.jpg?sw=280&sh=280"
                                },
                                {
                                    "marca": "Gran Pavesi",
                                    "descricao": "Bolachas Crackers com Sal",
                                    "preco": "3,99€",
                                    "preco_antigo": null,
                                    "quantidade": "emb. 560 gr (10 un)",
                                    "precoPorQuantidade": "7,13€/kg",
                                    "link": "https://www.continente.pt/produto/bolachas-crackers-com-sal-gran-pavesi-3711419.html?cgid=mercearias-bolachas-biscoitos-salgados",
                                    "imagem": "https://www.continente.pt/dw/image/v2/BDVS_PRD/on/demandware.static/-/Sites-col-master-catalog/default/dw16ed6850/images/col/371/3711419-esquerdo.jpg?sw=280&sh=280"
                                },
                                {
                                    "marca": "Tuc",
                                    "descricao": "Bolachas Cracker",
                                    "preco": "1,84€",
                                    "preco_antigo": null,
                                    "quantidade": "emb. 250 gr (8 un)",
                                    "precoPorQuantidade": "7,36€/kg",
                                    "link": "https://www.continente.pt/produto/bolachas-cracker-tuc-4999431.html?cgid=mercearias-bolachas-biscoitos-salgados",
                                    "imagem": "https://www.continente.pt/dw/image/v2/BDVS_PRD/on/demandware.static/-/Sites-col-master-catalog/default/dwff20043b/images/col/499/4999431-esquerdo.jpg?sw=280&sh=280"
                                },
                                {
                                    "marca": "Vieira",
                                    "descricao": "Bolachas Cream Cracker de Sésamo",
                                    "preco": "1,50€",
                                    "preco_antigo": null,
                                    "quantidade": "emb. 200 gr",
                                    "precoPorQuantidade": "7,50€/kg",
                                    "link": "https://www.continente.pt/produto/bolachas-cream-cracker-de-sesamo-vieira-6210735.html?cgid=mercearias-bolachas-biscoitos-salgados",
                                    "imagem": "https://www.continente.pt/dw/image/v2/BDVS_PRD/on/demandware.static/-/Sites-col-master-catalog/default/dw90757d7f/images/col/621/6210735-esquerdo.jpg?sw=280&sh=280"
                                },
                                {
                                    "marca": "Vieira",
                                    "descricao": "Bolachas de Água e Sal",
                                    "preco": "0,95€",
                                    "preco_antigo": null,
                                    "quantidade": "emb. 125 gr",
                                    "precoPorQuantidade": "7,60€/kg",
                                    "link": "https://www.continente.pt/produto/bolachas-de-agua-e-sal-vieira-2004843.html?cgid=mercearias-bolachas-biscoitos-salgados",
                                    "imagem": "https://www.continente.pt/dw/image/v2/BDVS_PRD/on/demandware.static/-/Sites-col-master-catalog/default/dw0bb39373/images/col/200/2004843-esquerdo.jpg?sw=280&sh=280"
                                },
                                {
                                    "marca": "Cuétara",
                                    "descricao": "Snack Salgado Peixinhos Frasco",
                                    "preco": "2,69€",
                                    "preco_antigo": null,
                                    "quantidade": "emb. 350 gr",
                                    "precoPorQuantidade": "7,69€/kg",
                                    "link": "https://www.continente.pt/produto/snack-salgado-peixinhos-frasco-cuetara-7576438.html?cgid=mercearias-bolachas-biscoitos-salgados",
                                    "imagem": "https://www.continente.pt/dw/image/v2/BDVS_PRD/on/demandware.static/-/Sites-col-master-catalog/default/dw81bbb221/images/col/757/7576438-frente.jpg?sw=280&sh=280"
                                },
                                {
                                    "marca": "Vieira",
                                    "descricao": "Bolachas Cream Cracker",
                                    "preco": "1,45€",
                                    "preco_antigo": null,
                                    "quantidade": "emb. 180 gr (6 un)",
                                    "precoPorQuantidade": "8,06€/kg",
                                    "link": "https://www.continente.pt/produto/bolachas-cream-cracker-vieira-5361580.html?cgid=mercearias-bolachas-biscoitos-salgados",
                                    "imagem": "https://www.continente.pt/dw/image/v2/BDVS_PRD/on/demandware.static/-/Sites-col-master-catalog/default/dw5ac299b7/images/col/536/5361580-esquerdo.jpg?sw=280&sh=280"
                                },
                                {
                                    "marca": "Tuc",
                                    "descricao": "Bolachas Cracker Integral",
                                    "preco": "2,29€",
                                    "preco_antigo": null,
                                    "quantidade": "emb. 267 gr (8 un)",
                                    "precoPorQuantidade": "8,58€/kg",
                                    "link": "https://www.continente.pt/produto/bolachas-cracker-integral-tuc-7374363.html?cgid=mercearias-bolachas-biscoitos-salgados",
                                    "imagem": "https://www.continente.pt/dw/image/v2/BDVS_PRD/on/demandware.static/-/Sites-col-master-catalog/default/dwe2c32e0e/images/col/737/7374363-direito.jpg?sw=280&sh=280"
                                },
                                {
                                    "marca": "Du Bois",
                                    "descricao": "Bolachas Crackers Azeite e Rosmaninho",
                                    "preco": "1,79€",
                                    "preco_antigo": null,
                                    "quantidade": "emb. 200 gr (8 un)",
                                    "precoPorQuantidade": "8,95€/kg",
                                    "link": "https://www.continente.pt/produto/bolachas-crackers-azeite-e-rosmaninho-du-bois-5028454.html?cgid=mercearias-bolachas-biscoitos-salgados",
                                    "imagem": "https://www.continente.pt/dw/image/v2/BDVS_PRD/on/demandware.static/-/Sites-col-master-catalog/default/dw9fb5157b/images/col/502/5028454-frente.jpg?sw=280&sh=280"
                                },
                                {
                                    "marca": "Tuc",
                                    "descricao": "Bolachas Cracker Sabor Original",
                                    "preco": "2,99€",
                                    "preco_antigo": null,
                                    "quantidade": "emb. 300 gr (3 un)",
                                    "precoPorQuantidade": "9,97€/kg",
                                    "link": "https://www.continente.pt/produto/bolachas-cracker-sabor-original-tuc-3714329.html?cgid=mercearias-bolachas-biscoitos-salgados",
                                    "imagem": "https://www.continente.pt/dw/image/v2/BDVS_PRD/on/demandware.static/-/Sites-col-master-catalog/default/dw46947de8/images/col/371/3714329-frente.jpg?sw=280&sh=280"
                                },
                                {
                                    "marca": "Cem Porcento",
                                    "descricao": "Bolachas Marinheiras com Linhaça",
                                    "preco": "2,14€",
                                    "preco_antigo": null,
                                    "quantidade": "emb. 200 gr",
                                    "precoPorQuantidade": "10,70€/kg",
                                    "link": "https://www.continente.pt/produto/bolachas-marinheiras-com-linhaca-cem-porcento-6091722.html?cgid=mercearias-bolachas-biscoitos-salgados",
                                    "imagem": "https://www.continente.pt/dw/image/v2/BDVS_PRD/on/demandware.static/-/Sites-col-master-catalog/default/dwdb76902d/images/col/609/6091722-frente.jpg?sw=280&sh=280"
                                },
                                {
                                    "marca": "Cem Porcento",
                                    "descricao": "Bolachas Marinheiras Integrais",
                                    "preco": "2,14€",
                                    "preco_antigo": null,
                                    "quantidade": "emb. 200 gr",
                                    "precoPorQuantidade": "10,70€/kg",
                                    "link": "https://www.continente.pt/produto/bolachas-marinheiras-integrais-cem-porcento-5246089.html?cgid=mercearias-bolachas-biscoitos-salgados",
                                    "imagem": "https://www.continente.pt/dw/image/v2/BDVS_PRD/on/demandware.static/-/Sites-col-master-catalog/default/dwca5d7de0/images/col/524/5246089-frente.jpg?sw=280&sh=280"
                                },
                                {
                                    "marca": "Cem Porcento",
                                    "descricao": "Bolachas Marinheiras com Espelta",
                                    "preco": "2,14€",
                                    "preco_antigo": null,
                                    "quantidade": "emb. 200 gr",
                                    "precoPorQuantidade": "10,70€/kg",
                                    "link": "https://www.continente.pt/produto/bolachas-marinheiras-com-espelta-cem-porcento-6091726.html?cgid=mercearias-bolachas-biscoitos-salgados",
                                    "imagem": "https://www.continente.pt/dw/image/v2/BDVS_PRD/on/demandware.static/-/Sites-col-master-catalog/default/dwab7c63cd/images/col/609/6091726-frente.jpg?sw=280&sh=280"
                                },
                                {
                                    "marca": "Cem Porcento",
                                    "descricao": "Bolachas Marinheiras com Sal",
                                    "preco": "2,14€",
                                    "preco_antigo": null,
                                    "quantidade": "emb. 200 gr",
                                    "precoPorQuantidade": "10,70€/kg",
                                    "link": "https://www.continente.pt/produto/bolachas-marinheiras-com-sal-cem-porcento-4940520.html?cgid=mercearias-bolachas-biscoitos-salgados",
                                    "imagem": "https://www.continente.pt/dw/image/v2/BDVS_PRD/on/demandware.static/-/Sites-col-master-catalog/default/dweb675120/images/col/494/4940520-frente.jpg?sw=280&sh=280"
                                },
                                {
                                    "marca": "Cem Porcento",
                                    "descricao": "Bolachas Marinheiras sem Sal",
                                    "preco": "2,14€",
                                    "preco_antigo": null,
                                    "quantidade": "emb. 200 gr",
                                    "precoPorQuantidade": "10,70€/kg",
                                    "link": "https://www.continente.pt/produto/bolachas-marinheiras-sem-sal-cem-porcento-4668391.html?cgid=mercearias-bolachas-biscoitos-salgados",
                                    "imagem": "https://www.continente.pt/dw/image/v2/BDVS_PRD/on/demandware.static/-/Sites-col-master-catalog/default/dwf2d20034/images/col/466/4668391-frente.jpg?sw=280&sh=280"
                                },
                                {
                                    "marca": "Cem Porcento",
                                    "descricao": "Bolachas Marinheiras com Chia",
                                    "preco": "2,14€",
                                    "preco_antigo": null,
                                    "quantidade": "emb. 200 gr",
                                    "precoPorQuantidade": "10,70€/kg",
                                    "link": "https://www.continente.pt/produto/bolachas-marinheiras-com-chia-cem-porcento-5181067.html?cgid=mercearias-bolachas-biscoitos-salgados",
                                    "imagem": "https://www.continente.pt/dw/image/v2/BDVS_PRD/on/demandware.static/-/Sites-col-master-catalog/default/dw8aed0cb2/images/col/518/5181067-frente.jpg?sw=280&sh=280"
                                },
                                {
                                    "marca": "Nacional",
                                    "descricao": "Bolachas Smooth Original",
                                    "preco": "1,09€",
                                    "preco_antigo": null,
                                    "quantidade": "emb. 100 gr",
                                    "precoPorQuantidade": "10,90€/kg",
                                    "link": "https://www.continente.pt/produto/bolachas-smooth-original-nacional-7261629.html?cgid=mercearias-bolachas-biscoitos-salgados",
                                    "imagem": "https://www.continente.pt/dw/image/v2/BDVS_PRD/on/demandware.static/-/Sites-col-master-catalog/default/dwe8b6ffe3/images/col/726/7261629-hero.jpg?sw=280&sh=280"
                                },
                                {
                                    "marca": "Wasa",
                                    "descricao": "Bolachas Delikatess",
                                    "preco": "2,99€",
                                    "preco_antigo": null,
                                    "quantidade": "emb. 270 gr",
                                    "precoPorQuantidade": "11,07€/kg",
                                    "link": "https://www.continente.pt/produto/bolachas-delikatess-wasa-7268346.html?cgid=mercearias-bolachas-biscoitos-salgados",
                                    "imagem": "https://www.continente.pt/dw/image/v2/BDVS_PRD/on/demandware.static/-/Sites-col-master-catalog/default/dw75d3b346/images/col/726/7268346-esquerdo.jpg?sw=280&sh=280"
                                },
                                {
                                    "marca": "Cem Porcento",
                                    "descricao": "Marinheiras Biológicas",
                                    "preco": "2,24€",
                                    "preco_antigo": null,
                                    "quantidade": "emb. 200 gr",
                                    "precoPorQuantidade": "11,20€/kg",
                                    "link": "https://www.continente.pt/produto/marinheiras-biologicas-cem-porcento-7046011.html?cgid=mercearias-bolachas-biscoitos-salgados",
                                    "imagem": "https://www.continente.pt/dw/image/v2/BDVS_PRD/on/demandware.static/-/Sites-col-master-catalog/default/dwbf53e57e/images/col/704/7046011-frente.jpg?sw=280&sh=280"
                                },
                                {
                                    "marca": "Cem Porcento",
                                    "descricao": "Marinheiras de Chia Biológicas",
                                    "preco": "2,24€",
                                    "preco_antigo": null,
                                    "quantidade": "emb. 200 gr",
                                    "precoPorQuantidade": "11,20€/kg",
                                    "link": "https://www.continente.pt/produto/marinheiras-de-chia-biologicas-cem-porcento-6555420.html?cgid=mercearias-bolachas-biscoitos-salgados",
                                    "imagem": "https://www.continente.pt/dw/image/v2/BDVS_PRD/on/demandware.static/-/Sites-col-master-catalog/default/dw018c9ff1/images/col/655/6555420-frente.jpg?sw=280&sh=280"
                                },
                                {
                                    "marca": "Cem Porcento",
                                    "descricao": "Marinheiras sem Sal Biológicas",
                                    "preco": "2,24€",
                                    "preco_antigo": null,
                                    "quantidade": "emb. 200 gr",
                                    "precoPorQuantidade": "11,20€/kg",
                                    "link": "https://www.continente.pt/produto/marinheiras-sem-sal-biologicas-cem-porcento-6555748.html?cgid=mercearias-bolachas-biscoitos-salgados",
                                    "imagem": "https://www.continente.pt/dw/image/v2/BDVS_PRD/on/demandware.static/-/Sites-col-master-catalog/default/dwfa8c02a2/images/col/655/6555748-frente.jpg?sw=280&sh=280"
                                },
                                {
                                    "marca": "Gullón",
                                    "descricao": "Cracker Quinoa & Chia",
                                    "preco": "2,84€",
                                    "preco_antigo": null,
                                    "quantidade": "emb.250 gr",
                                    "precoPorQuantidade": "11,36€/kg",
                                    "link": "https://www.continente.pt/produto/cracker-quinoa-chia-gullon-7365346.html?cgid=mercearias-bolachas-biscoitos-salgados",
                                    "imagem": "https://www.continente.pt/dw/image/v2/BDVS_PRD/on/demandware.static/-/Sites-col-master-catalog/default/dw51fab749/images/col/736/7365346-frente.jpg?sw=280&sh=280"
                                },
                                {
                                    "marca": "Gullón",
                                    "descricao": "Crackers Queijo Cheddar",
                                    "preco": "2,84€",
                                    "preco_antigo": null,
                                    "quantidade": "emb. 250 gr",
                                    "precoPorQuantidade": "11,36€/kg",
                                    "link": "https://www.continente.pt/produto/crackers-queijo-cheddar-gullon-7364141.html?cgid=mercearias-bolachas-biscoitos-salgados",
                                    "imagem": "https://www.continente.pt/dw/image/v2/BDVS_PRD/on/demandware.static/-/Sites-col-master-catalog/default/dw497d064c/images/col/736/7364141-frente.jpg?sw=280&sh=280"
                                },
                                {
                                    "marca": "Salutem",
                                    "descricao": "Bolachas Marinhas Linhaça",
                                    "preco": "2,29€",
                                    "preco_antigo": null,
                                    "quantidade": "emb. 200 gr",
                                    "precoPorQuantidade": "11,45€/kg",
                                    "link": "https://www.continente.pt/produto/bolachas-marinhas-linhaca-salutem-7399256.html?cgid=mercearias-bolachas-biscoitos-salgados",
                                    "imagem": "https://www.continente.pt/dw/image/v2/BDVS_PRD/on/demandware.static/-/Sites-col-master-catalog/default/dw03e2124b/images/col/739/7399256-esquerdo.jpg?sw=280&sh=280"
                                },
                                {
                                    "marca": "Salutem",
                                    "descricao": "Bolachas Marinhas Naturais",
                                    "preco": "2,29€",
                                    "preco_antigo": null,
                                    "quantidade": "emb. 200 gr",
                                    "precoPorQuantidade": "11,45€/kg",
                                    "link": "https://www.continente.pt/produto/bolachas-marinhas-naturais-salutem-7399255.html?cgid=mercearias-bolachas-biscoitos-salgados",
                                    "imagem": "https://www.continente.pt/dw/image/v2/BDVS_PRD/on/demandware.static/-/Sites-col-master-catalog/default/dw8de3a5f6/images/col/739/7399255-esquerdo.jpg?sw=280&sh=280"
                                },
                                {
                                    "marca": "Salutem",
                                    "descricao": "Bolachas Marinhas Integrais",
                                    "preco": "2,29€",
                                    "preco_antigo": null,
                                    "quantidade": "emb. 200 gr",
                                    "precoPorQuantidade": "11,45€/kg",
                                    "link": "https://www.continente.pt/produto/bolachas-marinhas-integrais-salutem-7399258.html?cgid=mercearias-bolachas-biscoitos-salgados",
                                    "imagem": "https://www.continente.pt/dw/image/v2/BDVS_PRD/on/demandware.static/-/Sites-col-master-catalog/default/dw5e472c0c/images/col/739/7399258-esquerdo.jpg?sw=280&sh=280"
                                },
                                {
                                    "marca": "Salutem",
                                    "descricao": "Bolachas Marinhas Chia",
                                    "preco": "2,29€",
                                    "preco_antigo": null,
                                    "quantidade": "emb. 200 gr",
                                    "precoPorQuantidade": "11,45€/kg",
                                    "link": "https://www.continente.pt/produto/bolachas-marinhas-chia-salutem-7399261.html?cgid=mercearias-bolachas-biscoitos-salgados",
                                    "imagem": "https://www.continente.pt/dw/image/v2/BDVS_PRD/on/demandware.static/-/Sites-col-master-catalog/default/dwe9f525b4/images/col/739/7399261-esquerdo.jpg?sw=280&sh=280"
                                },
                                {
                                    "marca": "Gran Pavesi",
                                    "descricao": "Bolachas Crackers com Sal",
                                    "preco": "2,89€",
                                    "preco_antigo": null,
                                    "quantidade": "emb. 250 gr (8 un)",
                                    "precoPorQuantidade": "11,56€/kg",
                                    "link": "https://www.continente.pt/produto/bolachas-crackers-com-sal-gran-pavesi-4506391.html?cgid=mercearias-bolachas-biscoitos-salgados",
                                    "imagem": "https://www.continente.pt/dw/image/v2/BDVS_PRD/on/demandware.static/-/Sites-col-master-catalog/default/dwe71b8bfc/images/col/450/4506391-direito.jpg?sw=280&sh=280"
                                },
                                {
                                    "marca": "Gran Pavesi",
                                    "descricao": "Bolachas Crackers sem Sal na Superfície",
                                    "preco": "2,89€",
                                    "preco_antigo": null,
                                    "quantidade": "emb. 250 gr (8 un)",
                                    "precoPorQuantidade": "11,56€/kg",
                                    "link": "https://www.continente.pt/produto/bolachas-crackers-sem-sal-na-superficie-gran-pavesi-4506387.html?cgid=mercearias-bolachas-biscoitos-salgados",
                                    "imagem": "https://www.continente.pt/dw/image/v2/BDVS_PRD/on/demandware.static/-/Sites-col-master-catalog/default/dw391b8943/images/col/450/4506387-esquerdo.jpg?sw=280&sh=280"
                                },
                                {
                                    "marca": "Tuc",
                                    "descricao": "Bolachas Cracker Sabor a Bacon",
                                    "preco": "1,19€",
                                    "preco_antigo": null,
                                    "quantidade": "emb. 100 gr",
                                    "precoPorQuantidade": "11,90€/kg",
                                    "link": "https://www.continente.pt/produto/bolachas-cracker-sabor-a-bacon-tuc-2197268.html?cgid=mercearias-bolachas-biscoitos-salgados",
                                    "imagem": "https://www.continente.pt/dw/image/v2/BDVS_PRD/on/demandware.static/-/Sites-col-master-catalog/default/dwb14ca1a4/images/col/219/2197268-esquerdo.jpg?sw=280&sh=280"
                                },
                                {
                                    "marca": "Tuc",
                                    "descricao": "Bolachas Cracker Sabor a Queijo",
                                    "preco": "1,19€",
                                    "preco_antigo": null,
                                    "quantidade": "emb. 100 gr",
                                    "precoPorQuantidade": "11,90€/kg",
                                    "link": "https://www.continente.pt/produto/bolachas-cracker-sabor-a-queijo-tuc-5423343.html?cgid=mercearias-bolachas-biscoitos-salgados",
                                    "imagem": "https://www.continente.pt/dw/image/v2/BDVS_PRD/on/demandware.static/-/Sites-col-master-catalog/default/dw7203be9d/images/col/542/5423343-esquerdo.jpg?sw=280&sh=280"
                                },
                                {
                                    "marca": "Tuc",
                                    "descricao": "Bolachas Cracker Sabor Original",
                                    "preco": "1,19€",
                                    "preco_antigo": null,
                                    "quantidade": "emb. 100 gr",
                                    "precoPorQuantidade": "11,90€/kg",
                                    "link": "https://www.continente.pt/produto/bolachas-cracker-sabor-original-tuc-2005153.html?cgid=mercearias-bolachas-biscoitos-salgados",
                                    "imagem": "https://www.continente.pt/dw/image/v2/BDVS_PRD/on/demandware.static/-/Sites-col-master-catalog/default/dwa345288c/images/col/200/2005153-esquerdo.jpg?sw=280&sh=280"
                                },
                                {
                                    "marca": "Diese",
                                    "descricao": "Bolachas Crackers Sésamo e Côco",
                                    "preco": "3,19€",
                                    "preco_antigo": null,
                                    "quantidade": "emb. 264 gr (4 un)",
                                    "precoPorQuantidade": "12,08€/kg",
                                    "link": "https://www.continente.pt/produto/bolachas-crackers-sesamo-e-coco-diese-4664693.html?cgid=mercearias-bolachas-biscoitos-salgados",
                                    "imagem": "https://www.continente.pt/dw/image/v2/BDVS_PRD/on/demandware.static/-/Sites-col-master-catalog/default/dwdba1749c/images/col/466/4664693-esquerdo.jpg?sw=280&sh=280"
                                },
                                {
                                    "marca": "Crich",
                                    "descricao": "Crackers Teor de Sal Reduzido com Azeite Biológico",
                                    "preco": "3,04€",
                                    "preco_antigo": null,
                                    "quantidade": "emb. 250 gr (8 un)",
                                    "precoPorQuantidade": "12,16€/kg",
                                    "link": "https://www.continente.pt/produto/crackers-teor-de-sal-reduzido-com-azeite-biologico-crich-6707274.html?cgid=mercearias-bolachas-biscoitos-salgados",
                                    "imagem": "https://www.continente.pt/dw/image/v2/BDVS_PRD/on/demandware.static/-/Sites-col-master-catalog/default/dwc7e9252c/images/col/670/6707274-direito.jpg?sw=280&sh=280"
                                },
                                {
                                    "marca": "Daveiga",
                                    "descricao": "Bolachas Marinheiras sem Sal",
                                    "preco": "2,49€",
                                    "preco_antigo": null,
                                    "quantidade": "emb. 200 gr",
                                    "precoPorQuantidade": "12,45€/kg",
                                    "link": "https://www.continente.pt/produto/bolachas-marinheiras-sem-sal-daveiga-6533361.html?cgid=mercearias-bolachas-biscoitos-salgados",
                                    "imagem": "https://www.continente.pt/dw/image/v2/BDVS_PRD/on/demandware.static/-/Sites-col-master-catalog/default/dw298fac43/images/col/653/6533361-hero.jpg?sw=280&sh=280"
                                },
                                {
                                    "marca": "Daveiga",
                                    "descricao": "Bolachas Marinheiras com Azeite Virgem Extra",
                                    "preco": "2,49€",
                                    "preco_antigo": null,
                                    "quantidade": "emb. 200 gr",
                                    "precoPorQuantidade": "12,45€/kg",
                                    "link": "https://www.continente.pt/produto/bolachas-marinheiras-com-azeite-virgem-extra-daveiga-6533354.html?cgid=mercearias-bolachas-biscoitos-salgados",
                                    "imagem": "https://www.continente.pt/dw/image/v2/BDVS_PRD/on/demandware.static/-/Sites-col-master-catalog/default/dw53f6f56c/images/col/653/6533354-hero.jpg?sw=280&sh=280"
                                },
                                {
                                    "marca": "Daveiga",
                                    "descricao": "Bolachas Marinheiras com Chia",
                                    "preco": "2,49€",
                                    "preco_antigo": null,
                                    "quantidade": "emb. 200 gr",
                                    "precoPorQuantidade": "12,45€/kg",
                                    "link": "https://www.continente.pt/produto/bolachas-marinheiras-com-chia-daveiga-6533341.html?cgid=mercearias-bolachas-biscoitos-salgados",
                                    "imagem": "https://www.continente.pt/dw/image/v2/BDVS_PRD/on/demandware.static/-/Sites-col-master-catalog/default/dw8a5ba6a1/images/col/653/6533341-hero.jpg?sw=280&sh=280"
                                },
                                {
                                    "marca": "Gran Pavesi",
                                    "descricao": "Bolachas Crackers com Azeitona",
                                    "preco": "3,49€",
                                    "preco_antigo": null,
                                    "quantidade": "emb. 280 gr (8 un)",
                                    "precoPorQuantidade": "12,46€/kg",
                                    "link": "https://www.continente.pt/produto/bolachas-crackers-com-azeitona-gran-pavesi-6590466.html?cgid=mercearias-bolachas-biscoitos-salgados",
                                    "imagem": "https://www.continente.pt/dw/image/v2/BDVS_PRD/on/demandware.static/-/Sites-col-master-catalog/default/dwb1339d9b/images/col/659/6590466-direito.jpg?sw=280&sh=280"
                                },
                                {
                                    "marca": "Continente",
                                    "descricao": "Bolachas Cracker 5 Cereais",
                                    "preco": "1,89€",
                                    "preco_antigo": null,
                                    "quantidade": "emb. 150 gr",
                                    "precoPorQuantidade": "12,60€/kg",
                                    "link": "https://www.continente.pt/produto/bolachas-cracker-5-cereais-continente-7251776.html?cgid=mercearias-bolachas-biscoitos-salgados",
                                    "imagem": "https://www.continente.pt/dw/image/v2/BDVS_PRD/on/demandware.static/-/Sites-col-master-catalog/default/dwda9a3939/images/col/725/7251776-hero.jpg?sw=280&sh=280"
                                },
                                {
                                    "marca": "Continente",
                                    "descricao": "Bolachas Cracker Aveia e Sementes de Girassol",
                                    "preco": "1,89€",
                                    "preco_antigo": null,
                                    "quantidade": "emb. 150 gr",
                                    "precoPorQuantidade": "12,60€/kg",
                                    "link": "https://www.continente.pt/produto/bolachas-cracker-aveia-e-sementes-de-girassol-continente-7251778.html?cgid=mercearias-bolachas-biscoitos-salgados",
                                    "imagem": "https://www.continente.pt/dw/image/v2/BDVS_PRD/on/demandware.static/-/Sites-col-master-catalog/default/dw3a59fab4/images/col/725/7251778-hero.jpg?sw=280&sh=280"
                                },
                                {
                                    "marca": "Continente",
                                    "descricao": "Bolacha Cracker Queijo Emmental e Sementes",
                                    "preco": "1,89€",
                                    "preco_antigo": null,
                                    "quantidade": "emb. 150 gr",
                                    "precoPorQuantidade": "12,60€/kg",
                                    "link": "https://www.continente.pt/produto/bolacha-cracker-queijo-emmental-e-sementes-continente-7251777.html?cgid=mercearias-bolachas-biscoitos-salgados",
                                    "imagem": "https://www.continente.pt/dw/image/v2/BDVS_PRD/on/demandware.static/-/Sites-col-master-catalog/default/dwf8d7bcbc/images/col/725/7251777-hero.jpg?sw=280&sh=280"
                                },
                                {
                                    "marca": "Crich",
                                    "descricao": "Bolachas Vegan Biológicas",
                                    "preco": "2,84€",
                                    "preco_antigo": null,
                                    "quantidade": "emb. 220 gr (10 un)",
                                    "precoPorQuantidade": "12,91€/kg",
                                    "link": "https://www.continente.pt/produto/bolachas-vegan-biologicas-crich-6707286.html?cgid=mercearias-bolachas-biscoitos-salgados",
                                    "imagem": "https://www.continente.pt/dw/image/v2/BDVS_PRD/on/demandware.static/-/Sites-col-master-catalog/default/dw0fdb1f19/images/col/670/6707286-direito.jpg?sw=280&sh=280"
                                },
                                {
                                    "marca": "Salutem",
                                    "descricao": "Bolachas Marinhas Chia Biológicas",
                                    "preco": "2,79€",
                                    "preco_antigo": null,
                                    "quantidade": "emb. 200 gr",
                                    "precoPorQuantidade": "13,95€/kg",
                                    "link": "https://www.continente.pt/produto/bolachas-marinhas-chia-biologicas-salutem-7471012.html?cgid=mercearias-bolachas-biscoitos-salgados",
                                    "imagem": "https://www.continente.pt/dw/image/v2/BDVS_PRD/on/demandware.static/-/Sites-col-master-catalog/default/dwd075ecc8/images/col/747/7471012-esquerdo.jpg?sw=280&sh=280"
                                },
                                {
                                    "marca": "Wasa",
                                    "descricao": "Bolachas Sesamo",
                                    "preco": "2,99€",
                                    "preco_antigo": null,
                                    "quantidade": "emb. 200 gr",
                                    "precoPorQuantidade": "14,95€/kg",
                                    "link": "https://www.continente.pt/produto/bolachas-sesamo-wasa-7268323.html?cgid=mercearias-bolachas-biscoitos-salgados",
                                    "imagem": "https://www.continente.pt/dw/image/v2/BDVS_PRD/on/demandware.static/-/Sites-col-master-catalog/default/dwf1212923/images/col/726/7268323-esquerdo.jpg?sw=280&sh=280"
                                },
                                {
                                    "marca": "Vieira",
                                    "descricao": "Bolachas de Água e Sal",
                                    "preco": "2,55€",
                                    "preco_antigo": null,
                                    "quantidade": "emb. 168 gr (12 un)",
                                    "precoPorQuantidade": "15,18€/kg",
                                    "link": "https://www.continente.pt/produto/bolachas-de-agua-e-sal-vieira-2628845.html?cgid=mercearias-bolachas-biscoitos-salgados",
                                    "imagem": "https://www.continente.pt/dw/image/v2/BDVS_PRD/on/demandware.static/-/Sites-col-master-catalog/default/dwe7c06a91/images/col/262/2628845-esquerdo.jpg?sw=280&sh=280"
                                },
                                {
                                    "marca": "Vieira",
                                    "descricao": "Bolachas de Água e Sal Integrais",
                                    "preco": "2,96€",
                                    "preco_antigo": null,
                                    "quantidade": "emb. 186 gr (12 un)",
                                    "precoPorQuantidade": "15,91€/kg",
                                    "link": "https://www.continente.pt/produto/bolachas-de-agua-e-sal-integrais-vieira-4694946.html?cgid=mercearias-bolachas-biscoitos-salgados",
                                    "imagem": "https://www.continente.pt/dw/image/v2/BDVS_PRD/on/demandware.static/-/Sites-col-master-catalog/default/dwbc3a95a3/images/col/469/4694946-direito.jpg?sw=280&sh=280"
                                },
                                {
                                    "marca": "Gran Pavesi",
                                    "descricao": "Bolachas Crackers Folhas Clássico",
                                    "preco": "2,99€",
                                    "preco_antigo": null,
                                    "quantidade": "emb. 180 gr",
                                    "precoPorQuantidade": "16,61€/kg",
                                    "link": "https://www.continente.pt/produto/bolachas-crackers-folhas-classico-gran-pavesi-7404781.html?cgid=mercearias-bolachas-biscoitos-salgados",
                                    "imagem": "https://www.continente.pt/dw/image/v2/BDVS_PRD/on/demandware.static/-/Sites-col-master-catalog/default/dwe3633884/images/col/740/7404781-frente.jpg?sw=280&sh=280"
                                },
                                {
                                    "marca": "Salutem",
                                    "descricao": "Bolacha Crisp Bread Sésamo",
                                    "preco": "2,29€",
                                    "preco_antigo": null,
                                    "quantidade": "emb. 130 gr",
                                    "precoPorQuantidade": "17,62€/kg",
                                    "link": "https://www.continente.pt/produto/bolacha-crisp-bread-sesamo-salutem-7382986.html?cgid=mercearias-bolachas-biscoitos-salgados",
                                    "imagem": "https://www.continente.pt/dw/image/v2/BDVS_PRD/on/demandware.static/-/Sites-col-master-catalog/default/dwaffaad7a/images/col/738/7382986-direito.jpg?sw=280&sh=280"
                                },
                                {
                                    "marca": "Cem Porcento",
                                    "descricao": "Bolachas Mini Marinheiras de Chia",
                                    "preco": "0,89€",
                                    "preco_antigo": null,
                                    "quantidade": "emb. 50 gr",
                                    "precoPorQuantidade": "17,80€/kg",
                                    "link": "https://www.continente.pt/produto/bolachas-mini-marinheiras-de-chia-cem-porcento-6934229.html?cgid=mercearias-bolachas-biscoitos-salgados",
                                    "imagem": "https://www.continente.pt/dw/image/v2/BDVS_PRD/on/demandware.static/-/Sites-col-master-catalog/default/dwbbecd9a2/images/col/693/6934229-frente.jpg?sw=280&sh=280"
                                },
                                {
                                    "marca": "Cem Porcento",
                                    "descricao": "Bolachas Mini Marinheira Naturais",
                                    "preco": "0,89€",
                                    "preco_antigo": null,
                                    "quantidade": "emb. 50 gr",
                                    "precoPorQuantidade": "17,80€/kg",
                                    "link": "https://www.continente.pt/produto/bolachas-mini-marinheira-naturais-cem-porcento-6934233.html?cgid=mercearias-bolachas-biscoitos-salgados",
                                    "imagem": "https://www.continente.pt/dw/image/v2/BDVS_PRD/on/demandware.static/-/Sites-col-master-catalog/default/dw2d4962ba/images/col/693/6934233-frente.jpg?sw=280&sh=280"
                                },
                                {
                                    "marca": "Carr's",
                                    "descricao": "Bolachas Cream Cracker",
                                    "preco": "2,29€",
                                    "preco_antigo": null,
                                    "quantidade": "emb. 125 gr",
                                    "precoPorQuantidade": "18,32€/kg",
                                    "link": "https://www.continente.pt/produto/bolachas-cream-cracker-carrs-2004886.html?cgid=mercearias-bolachas-biscoitos-salgados",
                                    "imagem": "https://www.continente.pt/dw/image/v2/BDVS_PRD/on/demandware.static/-/Sites-col-master-catalog/default/dw24216492/images/col/200/2004886-direito.jpg?sw=280&sh=280"
                                },
                                {
                                    "marca": "Gran Pavesi",
                                    "descricao": "Bolachas Crackers Folha de Azeitona",
                                    "preco": "2,99€",
                                    "preco_antigo": null,
                                    "quantidade": "emb. 150 gr",
                                    "precoPorQuantidade": "19,93€/kg",
                                    "link": "https://www.continente.pt/produto/bolachas-crackers-folha-de-azeitona-gran-pavesi-7404772.html?cgid=mercearias-bolachas-biscoitos-salgados",
                                    "imagem": "https://www.continente.pt/dw/image/v2/BDVS_PRD/on/demandware.static/-/Sites-col-master-catalog/default/dw9496bc8b/images/col/740/7404772-frente.jpg?sw=280&sh=280"
                                },
                                {
                                    "marca": "Gran Pavesi",
                                    "descricao": "Bolachas Crackers Folha de Milho",
                                    "preco": "2,99€",
                                    "preco_antigo": null,
                                    "quantidade": "emb. 150 gr",
                                    "precoPorQuantidade": "19,93€/kg",
                                    "link": "https://www.continente.pt/produto/bolachas-crackers-folha-de-milho-gran-pavesi-7619947.html?cgid=mercearias-bolachas-biscoitos-salgados",
                                    "imagem": "https://www.continente.pt/dw/image/v2/BDVS_PRD/on/demandware.static/-/Sites-col-master-catalog/default/dw992bd158/images/col/761/7619947-direito.jpg?sw=280&sh=280"
                                },
                                {
                                    "marca": "Origens Bio",
                                    "descricao": "Bolachas Crackers com Chia Natural Balance Biológicas",
                                    "preco": "2,99€",
                                    "preco_antigo": null,
                                    "quantidade": "emb. 150 gr",
                                    "precoPorQuantidade": "19,93€/kg",
                                    "link": "https://www.continente.pt/produto/bolachas-crackers-com-chia-natural-balance-biologicas-origens-bio-7095586.html?cgid=mercearias-bolachas-biscoitos-salgados",
                                    "imagem": "https://www.continente.pt/dw/image/v2/BDVS_PRD/on/demandware.static/-/Sites-col-master-catalog/default/dwbe99d31a/images/col/709/7095586-frente.jpg?sw=280&sh=280"
                                },
                                {
                                    "marca": "Salutem",
                                    "descricao": "Bolacha Crisp Bread Queijo,Tomate e Alho",
                                    "preco": "2,69€",
                                    "preco_antigo": null,
                                    "quantidade": "emb. 130 gr",
                                    "precoPorQuantidade": "20,69€/kg",
                                    "link": "https://www.continente.pt/produto/bolacha-crisp-bread-queijotomate-e-alho-salutem-7382990.html?cgid=mercearias-bolachas-biscoitos-salgados",
                                    "imagem": "https://www.continente.pt/dw/image/v2/BDVS_PRD/on/demandware.static/-/Sites-col-master-catalog/default/dw228f8fc0/images/col/738/7382990-direito.jpg?sw=280&sh=280"
                                },
                                {
                                    "marca": "Salutem",
                                    "descricao": "Bolacha Crisp Bread Beterraba",
                                    "preco": "2,69€",
                                    "preco_antigo": null,
                                    "quantidade": "emb. 130 gr",
                                    "precoPorQuantidade": "20,69€/kg",
                                    "link": "https://www.continente.pt/produto/bolacha-crisp-bread-beterraba-salutem-7382988.html?cgid=mercearias-bolachas-biscoitos-salgados",
                                    "imagem": "https://www.continente.pt/dw/image/v2/BDVS_PRD/on/demandware.static/-/Sites-col-master-catalog/default/dw639a3ce2/images/col/738/7382988-direito.jpg?sw=280&sh=280"
                                },
                                {
                                    "marca": "Tuc",
                                    "descricao": "Bolachas Bakefuls com Sal",
                                    "preco": "1,69€",
                                    "preco_antigo": null,
                                    "quantidade": "emb. 80 gr",
                                    "precoPorQuantidade": "21,13€/kg",
                                    "link": "https://www.continente.pt/produto/bolachas-bakefuls-com-sal-tuc-7088681.html?cgid=mercearias-bolachas-biscoitos-salgados",
                                    "imagem": "https://www.continente.pt/dw/image/v2/BDVS_PRD/on/demandware.static/-/Sites-col-master-catalog/default/dwc1a16e40/images/col/708/7088681-frente.jpg?sw=280&sh=280"
                                },
                                {
                                    "marca": "Tuc",
                                    "descricao": "Bolachas Cracker",
                                    "preco": "0,69€",
                                    "preco_antigo": null,
                                    "quantidade": "emb. 31,3 gr",
                                    "precoPorQuantidade": "22,26€/kg",
                                    "link": "https://www.continente.pt/produto/bolachas-cracker-tuc-5592873.html?cgid=mercearias-bolachas-biscoitos-salgados",
                                    "imagem": "https://www.continente.pt/dw/image/v2/BDVS_PRD/on/demandware.static/-/Sites-col-master-catalog/default/dw012bdb64/images/col/559/5592873-frente.jpg?sw=280&sh=280"
                                }
                            ]
                        }
                    ]
                },
                {
                    "name": "Chocolate, Gomas e Rebuçados",
                    "items": [
                        {
                            "name": "Chocolates",
                            "items": [
                                {
                                    "marca": "Continente",
                                    "descricao": "Tablete de Chocolate Negro com Avelã Inteira",
                                    "preco": "0,99€",
                                    "preco_antigo": null,
                                    "quantidade": "emb. 100 gr",
                                    "precoPorQuantidade": "0,99€/un",
                                    "link": "https://www.continente.pt/produto/tablete-de-chocolate-negro-com-avela-inteira-continente-7407641.html?cgid=mercearias-chocolates-chocolates",
                                    "imagem": "https://www.continente.pt/dw/image/v2/BDVS_PRD/on/demandware.static/-/Sites-col-master-catalog/default/dw34fb2070/images/col/740/7407641-cima.jpg?sw=280&sh=280"
                                },
                                {
                                    "marca": "Continente",
                                    "descricao": "Tablete de Chocolate Cereais Crocantes",
                                    "preco": "0,54€",
                                    "preco_antigo": null,
                                    "quantidade": "emb. 100 gr",
                                    "precoPorQuantidade": "5,40€/kg",
                                    "link": "https://www.continente.pt/produto/tablete-de-chocolate-cereais-crocantes-continente-7367948.html?cgid=mercearias-chocolates-chocolates",
                                    "imagem": "https://www.continente.pt/dw/image/v2/BDVS_PRD/on/demandware.static/-/Sites-col-master-catalog/default/dw5432f13f/images/col/736/7367948-frente.jpg?sw=280&sh=280"
                                },
                                {
                                    "marca": "Continente",
                                    "descricao": "Tablete de Chocolate de Leite",
                                    "preco": "0,55€",
                                    "preco_antigo": null,
                                    "quantidade": "emb.100 gr",
                                    "precoPorQuantidade": "5,50€/kg",
                                    "link": "https://www.continente.pt/produto/tablete-de-chocolate-de-leite-continente-7367945.html?cgid=mercearias-chocolates-chocolates",
                                    "imagem": "https://www.continente.pt/dw/image/v2/BDVS_PRD/on/demandware.static/-/Sites-col-master-catalog/default/dw2ae373d3/images/col/736/7367945-frente.jpg?sw=280&sh=280"
                                },
                                {
                                    "marca": "Continente",
                                    "descricao": "Tablete de Chocolate Negro",
                                    "preco": "0,56€",
                                    "preco_antigo": null,
                                    "quantidade": "emb. 100 gr",
                                    "precoPorQuantidade": "5,60€/kg",
                                    "link": "https://www.continente.pt/produto/tablete-de-chocolate-negro-continente-7367947.html?cgid=mercearias-chocolates-chocolates",
                                    "imagem": "https://www.continente.pt/dw/image/v2/BDVS_PRD/on/demandware.static/-/Sites-col-master-catalog/default/dw8f55cfcf/images/col/736/7367947-frente.jpg?sw=280&sh=280"
                                },
                                {
                                    "marca": "Continente",
                                    "descricao": "Tablete de Chocolate Branco",
                                    "preco": "0,58€",
                                    "preco_antigo": null,
                                    "quantidade": "emb. 100 gr",
                                    "precoPorQuantidade": "5,80€/kg",
                                    "link": "https://www.continente.pt/produto/tablete-de-chocolate-branco-continente-7367946.html?cgid=mercearias-chocolates-chocolates",
                                    "imagem": "https://www.continente.pt/dw/image/v2/BDVS_PRD/on/demandware.static/-/Sites-col-master-catalog/default/dw8b91ae39/images/col/736/7367946-cima.jpg?sw=280&sh=280"
                                },
                                {
                                    "marca": "Continente",
                                    "descricao": "Tablete de Chocolate de Leite com Amêndoa",
                                    "preco": "0,65€",
                                    "preco_antigo": null,
                                    "quantidade": "emb. 100 gr",
                                    "precoPorQuantidade": "6,50€/kg",
                                    "link": "https://www.continente.pt/produto/tablete-de-chocolate-de-leite-com-amendoa-continente-4310080.html?cgid=mercearias-chocolates-chocolates",
                                    "imagem": "https://www.continente.pt/dw/image/v2/BDVS_PRD/on/demandware.static/-/Sites-col-master-catalog/default/dwbf50d522/images/col/431/4310080-hero.jpg?sw=280&sh=280"
                                },
                                {
                                    "marca": "Continente",
                                    "descricao": "Tablete de Chocolate Negro 72% Cacau",
                                    "preco": "1,49€",
                                    "preco_antigo": null,
                                    "quantidade": "emb. 200 gr",
                                    "precoPorQuantidade": "7,45€/kg",
                                    "link": "https://www.continente.pt/produto/tablete-de-chocolate-negro-72--cacau-continente-6980120.html?cgid=mercearias-chocolates-chocolates",
                                    "imagem": "https://www.continente.pt/dw/image/v2/BDVS_PRD/on/demandware.static/-/Sites-col-master-catalog/default/dwb3c83267/images/col/698/6980120-cima.jpg?sw=280&sh=280"
                                },
                                {
                                    "marca": "Continente",
                                    "descricao": "Tablete de Chocolate de Leite com Passas e Avelã",
                                    "preco": "1,59€",
                                    "preco_antigo": null,
                                    "quantidade": "emb. 200 gr",
                                    "precoPorQuantidade": "7,95€/kg",
                                    "link": "https://www.continente.pt/produto/tablete-de-chocolate-de-leite-com-passas-e-avela-continente-6980112.html?cgid=mercearias-chocolates-chocolates",
                                    "imagem": "https://www.continente.pt/dw/image/v2/BDVS_PRD/on/demandware.static/-/Sites-col-master-catalog/default/dwa41e6c7b/images/col/698/6980112-frente.jpg?sw=280&sh=280"
                                },
                                {
                                    "marca": "Continente",
                                    "descricao": "Tablete de Chocolate Negro com Avelãs",
                                    "preco": "1,59€",
                                    "preco_antigo": null,
                                    "quantidade": "emb. 200 gr",
                                    "precoPorQuantidade": "7,95€/kg",
                                    "link": "https://www.continente.pt/produto/tablete-de-chocolate-negro-com-avelas-continente-7196938.html?cgid=mercearias-chocolates-chocolates",
                                    "imagem": "https://www.continente.pt/dw/image/v2/BDVS_PRD/on/demandware.static/-/Sites-col-master-catalog/default/dwbef3ecd3/images/col/719/7196938-cima.jpg?sw=280&sh=280"
                                },
                                {
                                    "marca": "Continente",
                                    "descricao": "Tablete de Chocolate de Leite com Amêndoa",
                                    "preco": "1,59€",
                                    "preco_antigo": null,
                                    "quantidade": "emb. 200 gr",
                                    "precoPorQuantidade": "7,95€/kg",
                                    "link": "https://www.continente.pt/produto/tablete-de-chocolate-de-leite-com-amendoa-continente-6980111.html?cgid=mercearias-chocolates-chocolates",
                                    "imagem": "https://www.continente.pt/dw/image/v2/BDVS_PRD/on/demandware.static/-/Sites-col-master-catalog/default/dw0d6c6b8f/images/col/698/6980111-cima.jpg?sw=280&sh=280"
                                },
                                {
                                    "marca": "Continente",
                                    "descricao": "Tablete de Chocolate Negro com Avelãs e Amêndoas",
                                    "preco": "1,59€",
                                    "preco_antigo": null,
                                    "quantidade": "emb. 200 gr",
                                    "precoPorQuantidade": "7,95€/kg",
                                    "link": "https://www.continente.pt/produto/tablete-de-chocolate-negro-com-avelas-e-amendoas-continente-7284485.html?cgid=mercearias-chocolates-chocolates",
                                    "imagem": "https://www.continente.pt/dw/image/v2/BDVS_PRD/on/demandware.static/-/Sites-col-master-catalog/default/dw337f2639/images/col/728/7284485-hero.jpg?sw=280&sh=280"
                                },
                                {
                                    "marca": "Continente",
                                    "descricao": "Tablete de Chocolate Negro com Amêndoa",
                                    "preco": "1,59€",
                                    "preco_antigo": null,
                                    "quantidade": "emb. 200 gr",
                                    "precoPorQuantidade": "7,95€/kg",
                                    "link": "https://www.continente.pt/produto/tablete-de-chocolate-negro-com-amendoa-continente-6980115.html?cgid=mercearias-chocolates-chocolates",
                                    "imagem": "https://www.continente.pt/dw/image/v2/BDVS_PRD/on/demandware.static/-/Sites-col-master-catalog/default/dw75c14c68/images/col/698/6980115-cima.jpg?sw=280&sh=280"
                                },
                                {
                                    "marca": "Continente",
                                    "descricao": "Tablete de Chocolate de Leite com Avelãs",
                                    "preco": "1,59€",
                                    "preco_antigo": null,
                                    "quantidade": "emb. 200 gr",
                                    "precoPorQuantidade": "7,95€/kg",
                                    "link": "https://www.continente.pt/produto/tablete-de-chocolate-de-leite-com-avelas-continente-6980113.html?cgid=mercearias-chocolates-chocolates",
                                    "imagem": "https://www.continente.pt/dw/image/v2/BDVS_PRD/on/demandware.static/-/Sites-col-master-catalog/default/dwb0a20d4e/images/col/698/6980113-frente.jpg?sw=280&sh=280"
                                },
                                {
                                    "marca": "Continente",
                                    "descricao": "Tablete de Chocolate de Leite com Avelã",
                                    "preco": "0,99€",
                                    "preco_antigo": null,
                                    "quantidade": "emb. 100 gr",
                                    "precoPorQuantidade": "9,90€/kg",
                                    "link": "https://www.continente.pt/produto/tablete-de-chocolate-de-leite-com-avela-continente-6333318.html?cgid=mercearias-chocolates-chocolates",
                                    "imagem": "https://www.continente.pt/dw/image/v2/BDVS_PRD/on/demandware.static/-/Sites-col-master-catalog/default/dwd9de0244/images/col/633/6333318-frente.jpg?sw=280&sh=280"
                                },
                                {
                                    "marca": "Continente",
                                    "descricao": "Tablete Chocolate Negro 74%",
                                    "preco": "0,99€",
                                    "preco_antigo": null,
                                    "quantidade": "emb. 100 gr",
                                    "precoPorQuantidade": "9,90€/kg",
                                    "link": "https://www.continente.pt/produto/tablete-chocolate-negro-74--continente-7367949.html?cgid=mercearias-chocolates-chocolates",
                                    "imagem": "https://www.continente.pt/dw/image/v2/BDVS_PRD/on/demandware.static/-/Sites-col-master-catalog/default/dw0d08f03c/images/col/736/7367949-frente.jpg?sw=280&sh=280"
                                },
                                {
                                    "marca": "Nestlé",
                                    "descricao": "Nestlé Dark Tablete de Chocolate Negro com Amêndoa sem Glúten",
                                    "preco": "2,84€",
                                    "preco_antigo": null,
                                    "quantidade": "emb. 270 gr",
                                    "precoPorQuantidade": "10,52€/kg",
                                    "link": "https://www.continente.pt/produto/nestle-dark-tablete-de-chocolate-negro-com-amendoa-sem-gluten-nestle-7244151.html?cgid=mercearias-chocolates-chocolates",
                                    "imagem": "https://www.continente.pt/dw/image/v2/BDVS_PRD/on/demandware.static/-/Sites-col-master-catalog/default/dw4f081cba/images/col/724/7244151-hero.jpg?sw=280&sh=280"
                                },
                                {
                                    "marca": "Nestlé",
                                    "descricao": "Nestlé Dark Tablete de Chocolate Negro sem Glúten",
                                    "preco": "2,84€",
                                    "preco_antigo": null,
                                    "quantidade": "emb. 270 gr",
                                    "precoPorQuantidade": "10,52€/kg",
                                    "link": "https://www.continente.pt/produto/nestle-dark-tablete-de-chocolate-negro-sem-gluten-nestle-7244150.html?cgid=mercearias-chocolates-chocolates",
                                    "imagem": "https://www.continente.pt/dw/image/v2/BDVS_PRD/on/demandware.static/-/Sites-col-master-catalog/default/dwdb461d76/images/col/724/7244150-hero.jpg?sw=280&sh=280"
                                },
                                {
                                    "marca": "Nestlé",
                                    "descricao": "Nestlé Dark Tablete de Chocolate Negro 70% Cacau",
                                    "preco": "2,84€",
                                    "preco_antigo": null,
                                    "quantidade": "emb. 250 gr",
                                    "precoPorQuantidade": "11,36€/kg",
                                    "link": "https://www.continente.pt/produto/nestle-dark-tablete-de-chocolate-negro-70--cacau-nestle-7530168.html?cgid=mercearias-chocolates-chocolates",
                                    "imagem": "https://www.continente.pt/dw/image/v2/BDVS_PRD/on/demandware.static/-/Sites-col-master-catalog/default/dw68057bcd/images/col/753/7530168-frente.jpg?sw=280&sh=280"
                                },
                                {
                                    "marca": "Continente",
                                    "descricao": "Tablete de Chocolate Negro 70% Cacau sem Açúcar",
                                    "preco": "1,19€",
                                    "preco_antigo": null,
                                    "quantidade": "emb. 100 gr",
                                    "precoPorQuantidade": "11,90€/kg",
                                    "link": "https://www.continente.pt/produto/tablete-de-chocolate-negro-70--cacau-sem-acucar-continente-4372267.html?cgid=mercearias-chocolates-chocolates",
                                    "imagem": "https://www.continente.pt/dw/image/v2/BDVS_PRD/on/demandware.static/-/Sites-col-master-catalog/default/dwc8ff7b54/images/col/437/4372267-frente.jpg?sw=280&sh=280"
                                },
                                {
                                    "marca": "Continente",
                                    "descricao": "Tablete de Chocolate de Leite sem Açúcar",
                                    "preco": "1,19€",
                                    "preco_antigo": null,
                                    "quantidade": "emb. 100 gr",
                                    "precoPorQuantidade": "11,90€/kg",
                                    "link": "https://www.continente.pt/produto/tablete-de-chocolate-de-leite-sem-acucar-continente-4372269.html?cgid=mercearias-chocolates-chocolates",
                                    "imagem": "https://www.continente.pt/dw/image/v2/BDVS_PRD/on/demandware.static/-/Sites-col-master-catalog/default/dw40e403f5/images/col/437/4372269-hero.jpg?sw=280&sh=280"
                                },
                                {
                                    "marca": "Continente Seleção",
                                    "descricao": "Tablete de Chocolate Negro Costa do Marfim 80% Cacau",
                                    "preco": "1,19€",
                                    "preco_antigo": null,
                                    "quantidade": "emb. 100 gr",
                                    "precoPorQuantidade": "11,90€/kg",
                                    "link": "https://www.continente.pt/produto/tablete-de-chocolate-negro-costa-do-marfim-80--cacau-continente-selecao-6915247.html?cgid=mercearias-chocolates-chocolates",
                                    "imagem": "https://www.continente.pt/dw/image/v2/BDVS_PRD/on/demandware.static/-/Sites-col-master-catalog/default/dwafad9571/images/col/691/6915247-frente.jpg?sw=280&sh=280"
                                },
                                {
                                    "marca": "Milka",
                                    "descricao": "Tablete de Chocolate com Biscoito e Caramelo",
                                    "preco": "1,26€",
                                    "preco_antigo": null,
                                    "quantidade": "emb. 100 gr",
                                    "precoPorQuantidade": "12,60€/kg",
                                    "link": "https://www.continente.pt/produto/tablete-de-chocolate-com-biscoito-e-caramelo-milka-3580882.html?cgid=mercearias-chocolates-chocolates",
                                    "imagem": "https://www.continente.pt/dw/image/v2/BDVS_PRD/on/demandware.static/-/Sites-col-master-catalog/default/dw10c0cd88/images/col/358/3580882-frente.jpg?sw=280&sh=280"
                                },
                                {
                                    "marca": "Milka",
                                    "descricao": "Tablete de Chocolate de Leite com Morango e Iogurte",
                                    "preco": "1,26€",
                                    "preco_antigo": null,
                                    "quantidade": "emb. 100 gr",
                                    "precoPorQuantidade": "12,60€/kg",
                                    "link": "https://www.continente.pt/produto/tablete-de-chocolate-de-leite-com-morango-e-iogurte-milka-2756152.html?cgid=mercearias-chocolates-chocolates",
                                    "imagem": "https://www.continente.pt/dw/image/v2/BDVS_PRD/on/demandware.static/-/Sites-col-master-catalog/default/dw2ccbc0e2/images/col/275/2756152-frente.jpg?sw=280&sh=280"
                                },
                                {
                                    "marca": "Regina",
                                    "descricao": "Tablete de Chocolate de Leite com Ananás",
                                    "preco": "1,26€",
                                    "preco_antigo": null,
                                    "quantidade": "emb. 100 gr",
                                    "precoPorQuantidade": "12,60€/kg",
                                    "link": "https://www.continente.pt/produto/tablete-de-chocolate-de-leite-com-ananas-regina-4986705.html?cgid=mercearias-chocolates-chocolates",
                                    "imagem": "https://www.continente.pt/dw/image/v2/BDVS_PRD/on/demandware.static/-/Sites-col-master-catalog/default/dw93e58b14/images/col/498/4986705-frente.jpg?sw=280&sh=280"
                                },
                                {
                                    "marca": "Milka",
                                    "descricao": "Tablete de Chocolate com Oreo e Brownie",
                                    "preco": "1,26€",
                                    "preco_antigo": null,
                                    "quantidade": "emb. 100 gr",
                                    "precoPorQuantidade": "12,60€/kg",
                                    "link": "https://www.continente.pt/produto/tablete-de-chocolate-com-oreo-e-brownie-milka-6813611.html?cgid=mercearias-chocolates-chocolates",
                                    "imagem": "https://www.continente.pt/dw/image/v2/BDVS_PRD/on/demandware.static/-/Sites-col-master-catalog/default/dwf91680e9/images/col/681/6813611-frente.jpg?sw=280&sh=280"
                                },
                                {
                                    "marca": "Milka",
                                    "descricao": "Tablete de Chocolate de Leite com Avelã",
                                    "preco": "1,26€",
                                    "preco_antigo": null,
                                    "quantidade": "emb. 100 gr",
                                    "precoPorQuantidade": "12,60€/kg",
                                    "link": "https://www.continente.pt/produto/tablete-de-chocolate-de-leite-com-avela-milka-2005651.html?cgid=mercearias-chocolates-chocolates",
                                    "imagem": "https://www.continente.pt/dw/image/v2/BDVS_PRD/on/demandware.static/-/Sites-col-master-catalog/default/dwbb2de332/images/col/200/2005651-frente.jpg?sw=280&sh=280"
                                },
                                {
                                    "marca": "Continente Bio",
                                    "descricao": "Tablete de Chocolate Negro 74% Biológico",
                                    "preco": "1,27€",
                                    "preco_antigo": "1,59€",
                                    "quantidade": "emb. 100 gr",
                                    "precoPorQuantidade": "12,70€/kg",
                                    "link": "https://www.continente.pt/produto/tablete-de-chocolate-negro-74--biologico-continente-bio-6769287.html?cgid=mercearias-chocolates-chocolates",
                                    "imagem": "https://www.continente.pt/dw/image/v2/BDVS_PRD/on/demandware.static/-/Sites-col-master-catalog/default/dwecd04c5b/images/col/676/6769287-frente.jpg?sw=280&sh=280"
                                },
                                {
                                    "marca": "Milka",
                                    "descricao": "Tablete de Chocolate de Leite com Bolacha",
                                    "preco": "3,99€",
                                    "preco_antigo": null,
                                    "quantidade": "emb. 300 gr",
                                    "precoPorQuantidade": "13,30€/kg",
                                    "link": "https://www.continente.pt/produto/tablete-de-chocolate-de-leite-com-bolacha-milka-2362888.html?cgid=mercearias-chocolates-chocolates",
                                    "imagem": "https://www.continente.pt/dw/image/v2/BDVS_PRD/on/demandware.static/-/Sites-col-master-catalog/default/dw508c1602/images/col/236/2362888-frente.jpg?sw=280&sh=280"
                                },
                                {
                                    "marca": "Milka",
                                    "descricao": "Tablete de Chocolate com Caramelo e Avelã",
                                    "preco": "3,99€",
                                    "preco_antigo": null,
                                    "quantidade": "emb. 300 gr",
                                    "precoPorQuantidade": "13,30€/kg",
                                    "link": "https://www.continente.pt/produto/tablete-de-chocolate-com-caramelo-e-avela-milka-4046213.html?cgid=mercearias-chocolates-chocolates",
                                    "imagem": "https://www.continente.pt/dw/image/v2/BDVS_PRD/on/demandware.static/-/Sites-col-master-catalog/default/dw5f52db27/images/col/404/4046213-frente.jpg?sw=280&sh=280"
                                },
                                {
                                    "marca": "Milka",
                                    "descricao": "Tablete de Chocolate com Oreo",
                                    "preco": "3,99€",
                                    "preco_antigo": null,
                                    "quantidade": "emb. 300 gr",
                                    "precoPorQuantidade": "13,30€/kg",
                                    "link": "https://www.continente.pt/produto/tablete-de-chocolate-com-oreo-milka-5474192.html?cgid=mercearias-chocolates-chocolates",
                                    "imagem": "https://www.continente.pt/dw/image/v2/BDVS_PRD/on/demandware.static/-/Sites-col-master-catalog/default/dwf776956b/images/col/547/5474192-frente.jpg?sw=280&sh=280"
                                },
                                {
                                    "marca": "Milka",
                                    "descricao": "Tablete de Chocolate com Cheesecake de Morango",
                                    "preco": "3,99€",
                                    "preco_antigo": null,
                                    "quantidade": "emb. 300 gr",
                                    "precoPorQuantidade": "13,30€/kg",
                                    "link": "https://www.continente.pt/produto/tablete-de-chocolate-com-cheesecake-de-morango-milka-7009543.html?cgid=mercearias-chocolates-chocolates",
                                    "imagem": "https://www.continente.pt/dw/image/v2/BDVS_PRD/on/demandware.static/-/Sites-col-master-catalog/default/dw7b71c040/images/col/700/7009543-frente.jpg?sw=280&sh=280"
                                },
                                {
                                    "marca": "Milka",
                                    "descricao": "Tablete de Chocolate com Amêndoa e Caramelo",
                                    "preco": "3,99€",
                                    "preco_antigo": null,
                                    "quantidade": "emb. 300 gr",
                                    "precoPorQuantidade": "13,30€/kg",
                                    "link": "https://www.continente.pt/produto/tablete-de-chocolate-com-amendoa-e-caramelo-milka-6473900.html?cgid=mercearias-chocolates-chocolates",
                                    "imagem": "https://www.continente.pt/dw/image/v2/BDVS_PRD/on/demandware.static/-/Sites-col-master-catalog/default/dw2e3f9997/images/col/647/6473900-frente.jpg?sw=280&sh=280"
                                },
                                {
                                    "marca": "Continente Seleção",
                                    "descricao": "Tablete de Chocolate Negro com Pepitas de Coco",
                                    "preco": "1,39€",
                                    "preco_antigo": null,
                                    "quantidade": "emb. 100 gr",
                                    "precoPorQuantidade": "13,90€/kg",
                                    "link": "https://www.continente.pt/produto/tablete-de-chocolate-negro-com-pepitas-de-coco-continente-selecao-7455094.html?cgid=mercearias-chocolates-chocolates",
                                    "imagem": "https://www.continente.pt/dw/image/v2/BDVS_PRD/on/demandware.static/-/Sites-col-master-catalog/default/dw3414d42e/images/col/745/7455094-frente.jpg?sw=280&sh=280"
                                },
                                {
                                    "marca": "Continente Seleção",
                                    "descricao": "Tablete de Chocolate Negro com Lima e Pimenta",
                                    "preco": "1,39€",
                                    "preco_antigo": null,
                                    "quantidade": "emb. 100 gr",
                                    "precoPorQuantidade": "13,90€/kg",
                                    "link": "https://www.continente.pt/produto/tablete-de-chocolate-negro-com-lima-e-pimenta-continente-selecao-7455095.html?cgid=mercearias-chocolates-chocolates",
                                    "imagem": "https://www.continente.pt/dw/image/v2/BDVS_PRD/on/demandware.static/-/Sites-col-master-catalog/default/dw30deb5ba/images/col/745/7455095-frente.jpg?sw=280&sh=280"
                                },
                                {
                                    "marca": "Continente Seleção",
                                    "descricao": "Tablete de Chocolate de Leite com Pepitas de Caramelo e Flor de Sal",
                                    "preco": "1,39€",
                                    "preco_antigo": null,
                                    "quantidade": "emb. 100 gr",
                                    "precoPorQuantidade": "13,90€/kg",
                                    "link": "https://www.continente.pt/produto/tablete-de-chocolate-de-leite-com-pepitas-de-caramelo-e-flor-de-sal-continente-selecao-7455107.html?cgid=mercearias-chocolates-chocolates",
                                    "imagem": "https://www.continente.pt/dw/image/v2/BDVS_PRD/on/demandware.static/-/Sites-col-master-catalog/default/dw1a1079d4/images/col/745/7455107-frente.jpg?sw=280&sh=280"
                                },
                                {
                                    "marca": "Regina",
                                    "descricao": "Tablete de Chocolate Floc Choc sem Glúten",
                                    "preco": "1,39€",
                                    "preco_antigo": null,
                                    "quantidade": "emb. 100 gr",
                                    "precoPorQuantidade": "13,90€/kg",
                                    "link": "https://www.continente.pt/produto/tablete-de-chocolate-floc-choc-sem-gluten-regina-6719133.html?cgid=mercearias-chocolates-chocolates",
                                    "imagem": "https://www.continente.pt/dw/image/v2/BDVS_PRD/on/demandware.static/-/Sites-col-master-catalog/default/dw3f9d03bb/images/col/671/6719133-frente.jpg?sw=280&sh=280"
                                },
                                {
                                    "marca": "Nestlé",
                                    "descricao": "Tablete de Chocolate de Leite Extrafino com Amêndoa sem Glúten",
                                    "preco": "3,79€",
                                    "preco_antigo": null,
                                    "quantidade": "emb. 270 gr",
                                    "precoPorQuantidade": "14,04€/kg",
                                    "link": "https://www.continente.pt/produto/tablete-de-chocolate-de-leite-extrafino-com-amendoa-sem-gluten-nestle-7244149.html?cgid=mercearias-chocolates-chocolates",
                                    "imagem": "https://www.continente.pt/dw/image/v2/BDVS_PRD/on/demandware.static/-/Sites-col-master-catalog/default/dwec25eeb5/images/col/724/7244149-frente.jpg?sw=280&sh=280"
                                },
                                {
                                    "marca": "Nestlé",
                                    "descricao": "Tablete de Chocolate de Leite Extrafino sem Glúten",
                                    "preco": "3,79€",
                                    "preco_antigo": null,
                                    "quantidade": "emb. 270 gr",
                                    "precoPorQuantidade": "14,04€/kg",
                                    "link": "https://www.continente.pt/produto/tablete-de-chocolate-de-leite-extrafino-sem-gluten-nestle-7244148.html?cgid=mercearias-chocolates-chocolates",
                                    "imagem": "https://www.continente.pt/dw/image/v2/BDVS_PRD/on/demandware.static/-/Sites-col-master-catalog/default/dwa2712208/images/col/724/7244148-frente.jpg?sw=280&sh=280"
                                },
                                {
                                    "marca": "Milka",
                                    "descricao": "Tablete de Chocolate com Amendoim e Caramelo",
                                    "preco": "3,99€",
                                    "preco_antigo": null,
                                    "quantidade": "emb. 276 gr",
                                    "precoPorQuantidade": "14,46€/kg",
                                    "link": "https://www.continente.pt/produto/tablete-de-chocolate-com-amendoim-e-caramelo-milka-5911513.html?cgid=mercearias-chocolates-chocolates",
                                    "imagem": "https://www.continente.pt/dw/image/v2/BDVS_PRD/on/demandware.static/-/Sites-col-master-catalog/default/dw9f70cfef/images/col/591/5911513-frente.jpg?sw=280&sh=280"
                                },
                                {
                                    "marca": "Milka",
                                    "descricao": "Tablete de Chocolate de Leite Milkinis 8 un",
                                    "preco": "1,26€",
                                    "preco_antigo": null,
                                    "quantidade": "emb. 87,5 gr",
                                    "precoPorQuantidade": "14,48€/kg",
                                    "link": "https://www.continente.pt/produto/tablete-de-chocolate-de-leite-milkinis-8-un-milka-4048304.html?cgid=mercearias-chocolates-chocolates",
                                    "imagem": "https://www.continente.pt/dw/image/v2/BDVS_PRD/on/demandware.static/-/Sites-col-master-catalog/default/dw7c6482f7/images/col/404/4048304-esquerdo.jpg?sw=280&sh=280"
                                },
                                {
                                    "marca": "Milka",
                                    "descricao": "Tablete de Chocolate de Leite",
                                    "preco": "3,99€",
                                    "preco_antigo": null,
                                    "quantidade": "emb. 270 gr",
                                    "precoPorQuantidade": "14,78€/kg",
                                    "link": "https://www.continente.pt/produto/tablete-de-chocolate-de-leite-milka-6300980.html?cgid=mercearias-chocolates-chocolates",
                                    "imagem": "https://www.continente.pt/dw/image/v2/BDVS_PRD/on/demandware.static/-/Sites-col-master-catalog/default/dwee6b047e/images/col/630/6300980-frente.jpg?sw=280&sh=280"
                                },
                                {
                                    "marca": "Milka",
                                    "descricao": "Tablete de Chocolate de Leite com Avelã",
                                    "preco": "3,99€",
                                    "preco_antigo": null,
                                    "quantidade": "emb. 270 gr",
                                    "precoPorQuantidade": "14,78€/kg",
                                    "link": "https://www.continente.pt/produto/tablete-de-chocolate-de-leite-com-avela-milka-6300974.html?cgid=mercearias-chocolates-chocolates",
                                    "imagem": "https://www.continente.pt/dw/image/v2/BDVS_PRD/on/demandware.static/-/Sites-col-master-catalog/default/dw5db521db/images/col/630/6300974-frente.jpg?sw=280&sh=280"
                                },
                                {
                                    "marca": "Milka",
                                    "descricao": "Tablete de Chocolate Leite Choco & Wafer",
                                    "preco": "3,99€",
                                    "preco_antigo": null,
                                    "quantidade": "emb. 270 gr",
                                    "precoPorQuantidade": "14,78€/kg",
                                    "link": "https://www.continente.pt/produto/tablete-de-chocolate-leite-choco-wafer-milka-7535546.html?cgid=mercearias-chocolates-chocolates",
                                    "imagem": "https://www.continente.pt/dw/image/v2/BDVS_PRD/on/demandware.static/-/Sites-col-master-catalog/default/dw9b4d4697/images/col/753/7535546-frente.jpg?sw=280&sh=280"
                                },
                                {
                                    "marca": "Regina",
                                    "descricao": "Tablete Chocolate 70% Cacau",
                                    "preco": "1,49€",
                                    "preco_antigo": null,
                                    "quantidade": "emb. 100 gr",
                                    "precoPorQuantidade": "14,90€/kg",
                                    "link": "https://www.continente.pt/produto/tablete-chocolate-70--cacau-regina-7386210.html?cgid=mercearias-chocolates-chocolates",
                                    "imagem": "https://www.continente.pt/dw/image/v2/BDVS_PRD/on/demandware.static/-/Sites-col-master-catalog/default/dwe45896fb/images/col/738/7386210-frente.jpg?sw=280&sh=280"
                                },
                                {
                                    "marca": "Nestlé",
                                    "descricao": "Tablete de Chocolate de Leite ExtraFino sem Glúten",
                                    "preco": "1,89€",
                                    "preco_antigo": null,
                                    "quantidade": "emb. 125 gr",
                                    "precoPorQuantidade": "15,12€/kg",
                                    "link": "https://www.continente.pt/produto/tablete-de-chocolate-de-leite-extrafino-sem-gluten-nestle-5921879.html?cgid=mercearias-chocolates-chocolates",
                                    "imagem": "https://www.continente.pt/dw/image/v2/BDVS_PRD/on/demandware.static/-/Sites-col-master-catalog/default/dw7b399206/images/col/592/5921879-frente.jpg?sw=280&sh=280"
                                },
                                {
                                    "marca": "Nestlé",
                                    "descricao": "Tablete de Chocolate de Leite com Amêndoa Extrafino sem Glúten",
                                    "preco": "1,89€",
                                    "preco_antigo": null,
                                    "quantidade": "emb. 123 gr",
                                    "precoPorQuantidade": "15,37€/gr",
                                    "link": "https://www.continente.pt/produto/tablete-de-chocolate-de-leite-com-amendoa-extrafino-sem-gluten-nestle-5874435.html?cgid=mercearias-chocolates-chocolates",
                                    "imagem": "https://www.continente.pt/dw/image/v2/BDVS_PRD/on/demandware.static/-/Sites-col-master-catalog/default/dwfd1eb022/images/col/587/5874435-frente.jpg?sw=280&sh=280"
                                },
                                {
                                    "marca": "Nestlé",
                                    "descricao": "Tablete de Chocolate de Leite com Avelã Extrafino sem Glúten",
                                    "preco": "1,89€",
                                    "preco_antigo": null,
                                    "quantidade": "emb. 123 gr",
                                    "precoPorQuantidade": "15,37€/kg",
                                    "link": "https://www.continente.pt/produto/tablete-de-chocolate-de-leite-com-avela-extrafino-sem-gluten-nestle-5918401.html?cgid=mercearias-chocolates-chocolates",
                                    "imagem": "https://www.continente.pt/dw/image/v2/BDVS_PRD/on/demandware.static/-/Sites-col-master-catalog/default/dw00658384/images/col/591/5918401-frente.jpg?sw=280&sh=280"
                                },
                                {
                                    "marca": "Lacasa",
                                    "descricao": "Tablete de Chocolate com Amêndoa 70% Cacau sem Glúten",
                                    "preco": "3,09€",
                                    "preco_antigo": null,
                                    "quantidade": "emb. 200 gr",
                                    "precoPorQuantidade": "15,45€/kg",
                                    "link": "https://www.continente.pt/produto/tablete-de-chocolate-com-amendoa-70--cacau-sem-gluten-lacasa-6447135.html?cgid=mercearias-chocolates-chocolates",
                                    "imagem": "https://www.continente.pt/dw/image/v2/BDVS_PRD/on/demandware.static/-/Sites-col-master-catalog/default/dw9acbb222/images/col/644/6447135-direito.jpg?sw=280&sh=280"
                                },
                                {
                                    "marca": "Lacasa",
                                    "descricao": "Tablete de Chocolate Negro com Amêndoa 85% Cacau sem Glúten",
                                    "preco": "3,09€",
                                    "preco_antigo": null,
                                    "quantidade": "emb. 200 gr",
                                    "precoPorQuantidade": "15,45€/kg",
                                    "link": "https://www.continente.pt/produto/tablete-de-chocolate-negro-com-amendoa-85--cacau-sem-gluten-lacasa-6997478.html?cgid=mercearias-chocolates-chocolates",
                                    "imagem": "https://www.continente.pt/dw/image/v2/BDVS_PRD/on/demandware.static/-/Sites-col-master-catalog/default/dwb9dfa1af/images/col/699/6997478-direito.jpg?sw=280&sh=280"
                                },
                                {
                                    "marca": "Regina",
                                    "descricao": "Tablete de Chocolate 85% Cacau sem Glúten",
                                    "preco": "1,56€",
                                    "preco_antigo": null,
                                    "quantidade": "emb. 100 gr",
                                    "precoPorQuantidade": "15,60€/kg",
                                    "link": "https://www.continente.pt/produto/tablete-de-chocolate-85--cacau-sem-gluten-regina-7338462.html?cgid=mercearias-chocolates-chocolates",
                                    "imagem": "https://www.continente.pt/dw/image/v2/BDVS_PRD/on/demandware.static/-/Sites-col-master-catalog/default/dw9114201c/images/col/733/7338462-frente.jpg?sw=280&sh=280"
                                },
                                {
                                    "marca": "Lacasitos",
                                    "descricao": "Tablete Chocolate",
                                    "preco": "1,56€",
                                    "preco_antigo": null,
                                    "quantidade": "emb. 100 gr",
                                    "precoPorQuantidade": "15,60€/kg",
                                    "link": "https://www.continente.pt/produto/tablete-chocolate-lacasitos-4382239.html?cgid=mercearias-chocolates-chocolates",
                                    "imagem": "https://www.continente.pt/dw/image/v2/BDVS_PRD/on/demandware.static/-/Sites-col-master-catalog/default/dw49279bdf/col/438/4382239.jpg?sw=280&sh=280"
                                },
                                {
                                    "marca": "Milka",
                                    "descricao": "Tablete de Chocolate com Amêndoa",
                                    "preco": "1,99€",
                                    "preco_antigo": null,
                                    "quantidade": "emb. 125 gr",
                                    "precoPorQuantidade": "15,92€/kg",
                                    "link": "https://www.continente.pt/produto/tablete-de-chocolate-com-amendoa-milka-7164408.html?cgid=mercearias-chocolates-chocolates",
                                    "imagem": "https://www.continente.pt/dw/image/v2/BDVS_PRD/on/demandware.static/-/Sites-col-master-catalog/default/dwc21f1a3b/images/col/716/7164408-frente.jpg?sw=280&sh=280"
                                },
                                {
                                    "marca": "Milka",
                                    "descricao": "Tablete de Chocolate Bubbly Caramelo",
                                    "preco": "3,99€",
                                    "preco_antigo": null,
                                    "quantidade": "emb. 250 gr",
                                    "precoPorQuantidade": "15,96€/kg",
                                    "link": "https://www.continente.pt/produto/tablete-de-chocolate-bubbly-caramelo-milka-5124411.html?cgid=mercearias-chocolates-chocolates",
                                    "imagem": "https://www.continente.pt/dw/image/v2/BDVS_PRD/on/demandware.static/-/Sites-col-master-catalog/default/dwc26d5f7e/images/col/512/5124411-frente.jpg?sw=280&sh=280"
                                },
                                {
                                    "marca": "Milka",
                                    "descricao": "Tablete de Chocolate com Drageias",
                                    "preco": "3,99€",
                                    "preco_antigo": null,
                                    "quantidade": "emb. 250 gr",
                                    "precoPorQuantidade": "15,96€/kg",
                                    "link": "https://www.continente.pt/produto/tablete-de-chocolate-com-drageias-milka-5137484.html?cgid=mercearias-chocolates-chocolates",
                                    "imagem": "https://www.continente.pt/dw/image/v2/BDVS_PRD/on/demandware.static/-/Sites-col-master-catalog/default/dwe44c4c82/images/col/513/5137484-frente.jpg?sw=280&sh=280"
                                },
                                {
                                    "marca": "Côte D'Or",
                                    "descricao": "Tablete de Chocolate Negro Original",
                                    "preco": "3,29€",
                                    "preco_antigo": null,
                                    "quantidade": "emb. 200 gr",
                                    "precoPorQuantidade": "16,45€/kg",
                                    "link": "https://www.continente.pt/produto/tablete-de-chocolate-negro-original-cote-dor-3022559.html?cgid=mercearias-chocolates-chocolates",
                                    "imagem": "https://www.continente.pt/dw/image/v2/BDVS_PRD/on/demandware.static/-/Sites-col-master-catalog/default/dw09e67206/images/col/302/3022559-frente.jpg?sw=280&sh=280"
                                },
                                {
                                    "marca": "Nestlé",
                                    "descricao": "Nestlé Moments Tablete de Chocolate Negro",
                                    "preco": "1,49€",
                                    "preco_antigo": null,
                                    "quantidade": "emb. 90 gr",
                                    "precoPorQuantidade": "16,56€/kg",
                                    "link": "https://www.continente.pt/produto/nestle-moments-tablete-de-chocolate-negro-nestle-5801596.html?cgid=mercearias-chocolates-chocolates",
                                    "imagem": "https://www.continente.pt/dw/image/v2/BDVS_PRD/on/demandware.static/-/Sites-col-master-catalog/default/dwb085d560/images/col/580/5801596-frente.jpg?sw=280&sh=280"
                                },
                                {
                                    "marca": "Nestlé",
                                    "descricao": "Nestlé Moments Tablete de Chocolate de Leite com Amendoim",
                                    "preco": "1,49€",
                                    "preco_antigo": null,
                                    "quantidade": "emb. 90 gr",
                                    "precoPorQuantidade": "16,56€/kg",
                                    "link": "https://www.continente.pt/produto/nestle-moments-tablete-de-chocolate-de-leite-com-amendoim-nestle-5925688.html?cgid=mercearias-chocolates-chocolates",
                                    "imagem": "https://www.continente.pt/dw/image/v2/BDVS_PRD/on/demandware.static/-/Sites-col-master-catalog/default/dwfb691608/images/col/592/5925688-frente.jpg?sw=280&sh=280"
                                },
                                {
                                    "marca": "Nestlé",
                                    "descricao": "Nestlé Moments Tablete de Chocolate de Leite",
                                    "preco": "1,49€",
                                    "preco_antigo": null,
                                    "quantidade": "emb. 90 gr",
                                    "precoPorQuantidade": "16,56€/kg",
                                    "link": "https://www.continente.pt/produto/nestle-moments-tablete-de-chocolate-de-leite-nestle-5798837.html?cgid=mercearias-chocolates-chocolates",
                                    "imagem": "https://www.continente.pt/dw/image/v2/BDVS_PRD/on/demandware.static/-/Sites-col-master-catalog/default/dw996c3205/images/col/579/5798837-frente.jpg?sw=280&sh=280"
                                },
                                {
                                    "marca": "Nestlé",
                                    "descricao": "Tablete de Chocolate de Leite com Bolacha Tosta Rica Extrafino",
                                    "preco": "1,99€",
                                    "preco_antigo": null,
                                    "quantidade": "emb. 120 gr",
                                    "precoPorQuantidade": "16,58€/kg",
                                    "link": "https://www.continente.pt/produto/tablete-de-chocolate-de-leite-com-bolacha-tosta-rica-extrafino-nestle-7136494.html?cgid=mercearias-chocolates-chocolates",
                                    "imagem": "https://www.continente.pt/dw/image/v2/BDVS_PRD/on/demandware.static/-/Sites-col-master-catalog/default/dw1ce9f9f3/images/col/713/7136494-frente.jpg?sw=280&sh=280"
                                },
                                {
                                    "marca": "Nestlé",
                                    "descricao": "Tablete de Chocolate Bio L'Atelier",
                                    "preco": "1,33€",
                                    "preco_antigo": null,
                                    "quantidade": "emb. 80 gr",
                                    "precoPorQuantidade": "16,63€/kg",
                                    "link": "https://www.continente.pt/produto/tablete-de-chocolate-bio-latelier-nestle-7536660.html?cgid=mercearias-chocolates-chocolates",
                                    "imagem": "https://www.continente.pt/dw/image/v2/BDVS_PRD/on/demandware.static/-/Sites-col-master-catalog/default/dw66460de2/images/col/753/7536660-direito.jpg?sw=280&sh=280"
                                },
                                {
                                    "marca": "Milka",
                                    "descricao": "Tablete de Chocolate Daim",
                                    "preco": "1,69€",
                                    "preco_antigo": null,
                                    "quantidade": "emb. 100 gr",
                                    "precoPorQuantidade": "16,90€/kg",
                                    "link": "https://www.continente.pt/produto/tablete-de-chocolate-daim-milka-4389791.html?cgid=mercearias-chocolates-chocolates",
                                    "imagem": "https://www.continente.pt/dw/image/v2/BDVS_PRD/on/demandware.static/-/Sites-col-master-catalog/default/dw9b9c1331/images/col/438/4389791-frente.jpg?sw=280&sh=280"
                                },
                                {
                                    "marca": "Milka",
                                    "descricao": "Tablete de Chocolate com Oreo",
                                    "preco": "1,69€",
                                    "preco_antigo": null,
                                    "quantidade": "emb. 100 gr",
                                    "precoPorQuantidade": "16,90€/kg",
                                    "link": "https://www.continente.pt/produto/tablete-de-chocolate-com-oreo-milka-4788002.html?cgid=mercearias-chocolates-chocolates",
                                    "imagem": "https://www.continente.pt/dw/image/v2/BDVS_PRD/on/demandware.static/-/Sites-col-master-catalog/default/dwe4fea1cc/images/col/478/4788002-frente.jpg?sw=280&sh=280"
                                },
                                {
                                    "marca": "Milka",
                                    "descricao": "Tablete de Chocolate Branco com Oreo",
                                    "preco": "1,69€",
                                    "preco_antigo": null,
                                    "quantidade": "emb. 100 gr",
                                    "precoPorQuantidade": "16,90€/kg",
                                    "link": "https://www.continente.pt/produto/tablete-de-chocolate-branco-com-oreo-milka-7214920.html?cgid=mercearias-chocolates-chocolates",
                                    "imagem": "https://www.continente.pt/dw/image/v2/BDVS_PRD/on/demandware.static/-/Sites-col-master-catalog/default/dw39532919/images/col/721/7214920-frente.jpg?sw=280&sh=280"
                                },
                                {
                                    "marca": "Continente Bio",
                                    "descricao": "Chocolate Negro 85% Cacau Biológico",
                                    "preco": "1,69€",
                                    "preco_antigo": null,
                                    "quantidade": "emb. 100 gr",
                                    "precoPorQuantidade": "16,90€/kg",
                                    "link": "https://www.continente.pt/produto/chocolate-negro-85--cacau-biologico-continente-bio-6818737.html?cgid=mercearias-chocolates-chocolates",
                                    "imagem": "https://www.continente.pt/dw/image/v2/BDVS_PRD/on/demandware.static/-/Sites-col-master-catalog/default/dw6b38aa33/images/col/681/6818737-frente.jpg?sw=280&sh=280"
                                },
                                {
                                    "marca": "Continente Bio",
                                    "descricao": "Tablete de Chocolate Negro Amêndoa Caramelizada Biológico",
                                    "preco": "1,69€",
                                    "preco_antigo": null,
                                    "quantidade": "emb. 100 gr",
                                    "precoPorQuantidade": "16,90€/kg",
                                    "link": "https://www.continente.pt/produto/tablete-de-chocolate-negro-amendoa-caramelizada-biologico-continente-bio-6818745.html?cgid=mercearias-chocolates-chocolates",
                                    "imagem": "https://www.continente.pt/dw/image/v2/BDVS_PRD/on/demandware.static/-/Sites-col-master-catalog/default/dw7bc7ccc3/images/col/681/6818745-frente.jpg?sw=280&sh=280"
                                },
                                {
                                    "marca": "Regina",
                                    "descricao": "Tablete de Chocolate 100% Cacau sem Glúten",
                                    "preco": "1,69€",
                                    "preco_antigo": null,
                                    "quantidade": "emb. 100 gr",
                                    "precoPorQuantidade": "€16,90€/kg",
                                    "link": "https://www.continente.pt/produto/tablete-de-chocolate-100--cacau-sem-gluten-regina-7338463.html?cgid=mercearias-chocolates-chocolates",
                                    "imagem": "https://www.continente.pt/dw/image/v2/BDVS_PRD/on/demandware.static/-/Sites-col-master-catalog/default/dwfe4d41e8/images/col/733/7338463-frente.jpg?sw=280&sh=280"
                                },
                                {
                                    "marca": "Milka",
                                    "descricao": "Tablete de Chocolate Confetti",
                                    "preco": "1,69€",
                                    "preco_antigo": null,
                                    "quantidade": "emb. 100 gr",
                                    "precoPorQuantidade": "16,90€/kg",
                                    "link": "https://www.continente.pt/produto/tablete-de-chocolate-confetti-milka-6297587.html?cgid=mercearias-chocolates-chocolates",
                                    "imagem": "https://www.continente.pt/dw/image/v2/BDVS_PRD/on/demandware.static/-/Sites-col-master-catalog/default/dw1f122fd7/images/col/629/6297587-frente.jpg?sw=280&sh=280"
                                },
                                {
                                    "marca": "Milka",
                                    "descricao": "Tablete de Chocolate com Bolacha Chips Ahoy",
                                    "preco": "1,69€",
                                    "preco_antigo": null,
                                    "quantidade": "emb. 100 gr",
                                    "precoPorQuantidade": "16,90€/kg",
                                    "link": "https://www.continente.pt/produto/tablete-de-chocolate-com-bolacha-chips-ahoy-milka-5300874.html?cgid=mercearias-chocolates-chocolates",
                                    "imagem": "https://www.continente.pt/dw/image/v2/BDVS_PRD/on/demandware.static/-/Sites-col-master-catalog/default/dw9b70184c/images/col/530/5300874-frente.jpg?sw=280&sh=280"
                                },
                                {
                                    "marca": "Milka",
                                    "descricao": "Tablete de Chocolate Extra Cacau",
                                    "preco": "1,69€",
                                    "preco_antigo": null,
                                    "quantidade": "emb. 100 gr",
                                    "precoPorQuantidade": "16,90€/kg",
                                    "link": "https://www.continente.pt/produto/tablete-de-chocolate-extra-cacau-milka-6297555.html?cgid=mercearias-chocolates-chocolates",
                                    "imagem": "https://www.continente.pt/dw/image/v2/BDVS_PRD/on/demandware.static/-/Sites-col-master-catalog/default/dw98b3ae39/images/col/629/6297555-frente.jpg?sw=280&sh=280"
                                },
                                {
                                    "marca": "Milka",
                                    "descricao": "Tablete de Chocolate Branco",
                                    "preco": "1,69€",
                                    "preco_antigo": null,
                                    "quantidade": "emb. 100 gr",
                                    "precoPorQuantidade": "16,90€/kg",
                                    "link": "https://www.continente.pt/produto/tablete-de-chocolate-branco-milka-2005652.html?cgid=mercearias-chocolates-chocolates",
                                    "imagem": "https://www.continente.pt/dw/image/v2/BDVS_PRD/on/demandware.static/-/Sites-col-master-catalog/default/dwdeae438c/images/col/200/2005652-frente.jpg?sw=280&sh=280"
                                },
                                {
                                    "marca": "Milka",
                                    "descricao": "Tablete de Chocolate de Leite",
                                    "preco": "1,69€",
                                    "preco_antigo": null,
                                    "quantidade": "emb. 100 gr",
                                    "precoPorQuantidade": "16,90€/kg",
                                    "link": "https://www.continente.pt/produto/tablete-de-chocolate-de-leite-milka-2005657.html?cgid=mercearias-chocolates-chocolates",
                                    "imagem": "https://www.continente.pt/dw/image/v2/BDVS_PRD/on/demandware.static/-/Sites-col-master-catalog/default/dwd5e94c39/images/col/200/2005657-frente.jpg?sw=280&sh=280"
                                },
                                {
                                    "marca": "Milka",
                                    "descricao": "Tablete de Chocolate com Creme de Cacau",
                                    "preco": "1,69€",
                                    "preco_antigo": null,
                                    "quantidade": "emb. 100 gr",
                                    "precoPorQuantidade": "16,90€/kg",
                                    "link": "https://www.continente.pt/produto/tablete-de-chocolate-com-creme-de-cacau-milka-3791939.html?cgid=mercearias-chocolates-chocolates",
                                    "imagem": "https://www.continente.pt/dw/image/v2/BDVS_PRD/on/demandware.static/-/Sites-col-master-catalog/default/dw6a75da59/images/col/379/3791939-frente.jpg?sw=280&sh=280"
                                },
                                {
                                    "marca": "Côte D'Or",
                                    "descricao": "Tablete de Chocolate Negro Truffé",
                                    "preco": "3,29€",
                                    "preco_antigo": null,
                                    "quantidade": "emb. 190 gr",
                                    "precoPorQuantidade": "17,32€/kg",
                                    "link": "https://www.continente.pt/produto/tablete-de-chocolate-negro-truffe-cote-dor-3022598.html?cgid=mercearias-chocolates-chocolates",
                                    "imagem": "https://www.continente.pt/dw/image/v2/BDVS_PRD/on/demandware.static/-/Sites-col-master-catalog/default/dw05024b4f/images/col/302/3022598-frente.jpg?sw=280&sh=280"
                                },
                                {
                                    "marca": "M&M's",
                                    "descricao": "Tablete de Chocolate de Leite e Amendoim",
                                    "preco": "2,89€",
                                    "preco_antigo": null,
                                    "quantidade": "emb. 165 gr",
                                    "precoPorQuantidade": "17,52€/kg",
                                    "link": "https://www.continente.pt/produto/tablete-de-chocolate-de-leite-e-amendoim-m-ms-7450622.html?cgid=mercearias-chocolates-chocolates",
                                    "imagem": "https://www.continente.pt/dw/image/v2/BDVS_PRD/on/demandware.static/-/Sites-col-master-catalog/default/dw4d61dc23/images/col/745/7450622-frente.jpg?sw=280&sh=280"
                                },
                                {
                                    "marca": "M&M's",
                                    "descricao": "Tablete de Chocolate de Leite e Avelã",
                                    "preco": "2,89€",
                                    "preco_antigo": null,
                                    "quantidade": "emb. 165 gr",
                                    "precoPorQuantidade": "17,52€/kg",
                                    "link": "https://www.continente.pt/produto/tablete-de-chocolate-de-leite-e-avela-m-ms-7450625.html?cgid=mercearias-chocolates-chocolates",
                                    "imagem": "https://www.continente.pt/dw/image/v2/BDVS_PRD/on/demandware.static/-/Sites-col-master-catalog/default/dw19ca8cc7/images/col/745/7450625-frente.jpg?sw=280&sh=280"
                                },
                                {
                                    "marca": "Nestlé",
                                    "descricao": "Tablete de Chocolate e Bolacha Jungly",
                                    "preco": "2,19€",
                                    "preco_antigo": null,
                                    "quantidade": "emb. 125 gr",
                                    "precoPorQuantidade": "17,52€/kg",
                                    "link": "https://www.continente.pt/produto/tablete-de-chocolate-e-bolacha-jungly-nestle-7620644.html?cgid=mercearias-chocolates-chocolates",
                                    "imagem": "https://www.continente.pt/dw/image/v2/BDVS_PRD/on/demandware.static/-/Sites-col-master-catalog/default/dwf78dc997/images/col/762/7620644-frente.jpg?sw=280&sh=280"
                                },
                                {
                                    "marca": "M&M's",
                                    "descricao": "Tablete de Chocolate de Leite",
                                    "preco": "2,89€",
                                    "preco_antigo": null,
                                    "quantidade": "emb. 165 gr",
                                    "precoPorQuantidade": "17,52€/kg",
                                    "link": "https://www.continente.pt/produto/tablete-de-chocolate-de-leite-m-ms-7450624.html?cgid=mercearias-chocolates-chocolates",
                                    "imagem": "https://www.continente.pt/dw/image/v2/BDVS_PRD/on/demandware.static/-/Sites-col-master-catalog/default/dw70d01780/images/col/745/7450624-frente.jpg?sw=280&sh=280"
                                },
                                {
                                    "marca": "Nestlé",
                                    "descricao": "Tablete de Chocolate Branco Milkybar",
                                    "preco": "1,79€",
                                    "preco_antigo": null,
                                    "quantidade": "emb. 100 gr",
                                    "precoPorQuantidade": "17,90€/kg",
                                    "link": "https://www.continente.pt/produto/tablete-de-chocolate-branco-milkybar-nestle-6459926.html?cgid=mercearias-chocolates-chocolates",
                                    "imagem": "https://www.continente.pt/dw/image/v2/BDVS_PRD/on/demandware.static/-/Sites-col-master-catalog/default/dwd8bb2089/images/col/645/6459926-frente.jpg?sw=280&sh=280"
                                },
                                {
                                    "marca": "Côte D'Or",
                                    "descricao": "Tablete de Chocolate Negro com Avelã",
                                    "preco": "3,29€",
                                    "preco_antigo": null,
                                    "quantidade": "emb. 180 gr",
                                    "precoPorQuantidade": "18,28€/kg",
                                    "link": "https://www.continente.pt/produto/tablete-de-chocolate-negro-com-avela-cote-dor-7088606.html?cgid=mercearias-chocolates-chocolates",
                                    "imagem": "https://www.continente.pt/dw/image/v2/BDVS_PRD/on/demandware.static/-/Sites-col-master-catalog/default/dw1bca2ebe/images/col/708/7088606-frente.jpg?sw=280&sh=280"
                                },
                                {
                                    "marca": "Côte D'Or",
                                    "descricao": "Tablete de Chocolate Negro com Caju e Amêndoas",
                                    "preco": "3,29€",
                                    "preco_antigo": null,
                                    "quantidade": "emb. 180 gr",
                                    "precoPorQuantidade": "18,28€/kg",
                                    "link": "https://www.continente.pt/produto/tablete-de-chocolate-negro-com-caju-e-amendoas-cote-dor-7443849.html?cgid=mercearias-chocolates-chocolates",
                                    "imagem": "https://www.continente.pt/dw/image/v2/BDVS_PRD/on/demandware.static/-/Sites-col-master-catalog/default/dw4178dd5d/images/col/744/7443849-frente.jpg?sw=280&sh=280"
                                },
                                {
                                    "marca": "Côte D'Or",
                                    "descricao": "Tablete de Chocolate Negro com Amêndoa",
                                    "preco": "3,29€",
                                    "preco_antigo": null,
                                    "quantidade": "emb. 180 gr",
                                    "precoPorQuantidade": "18,28€/kg",
                                    "link": "https://www.continente.pt/produto/tablete-de-chocolate-negro-com-amendoa-cote-dor-7088607.html?cgid=mercearias-chocolates-chocolates",
                                    "imagem": "https://www.continente.pt/dw/image/v2/BDVS_PRD/on/demandware.static/-/Sites-col-master-catalog/default/dw9d40789a/images/col/708/7088607-frente.jpg?sw=280&sh=280"
                                },
                                {
                                    "marca": "Milka",
                                    "descricao": "Tablete de Chocolate com Oreo Sandwich",
                                    "preco": "1,69€",
                                    "preco_antigo": null,
                                    "quantidade": "emb. 92 gr",
                                    "precoPorQuantidade": "18,37€/kg",
                                    "link": "https://www.continente.pt/produto/tablete-de-chocolate-com-oreo-sandwich-milka-6444887.html?cgid=mercearias-chocolates-chocolates",
                                    "imagem": "https://www.continente.pt/dw/image/v2/BDVS_PRD/on/demandware.static/-/Sites-col-master-catalog/default/dwb63a4342/images/col/644/6444887-frente.jpg?sw=280&sh=280"
                                },
                                {
                                    "marca": "Milka",
                                    "descricao": "Tablete de Chocolate com Amendoim e Caramelo Crocante",
                                    "preco": "1,69€",
                                    "preco_antigo": null,
                                    "quantidade": "emb. 90 gr",
                                    "precoPorQuantidade": "18,78€/kg",
                                    "link": "https://www.continente.pt/produto/tablete-de-chocolate-com-amendoim-e-caramelo-crocante-milka-6813610.html?cgid=mercearias-chocolates-chocolates",
                                    "imagem": "https://www.continente.pt/dw/image/v2/BDVS_PRD/on/demandware.static/-/Sites-col-master-catalog/default/dwc2c81379/images/col/681/6813610-frente.jpg?sw=280&sh=280"
                                },
                                {
                                    "marca": "Milka",
                                    "descricao": "Tablete de Chocolate de Leite Bubbly",
                                    "preco": "1,69€",
                                    "preco_antigo": null,
                                    "quantidade": "emb. 90 gr",
                                    "precoPorQuantidade": "18,78€/kg",
                                    "link": "https://www.continente.pt/produto/tablete-de-chocolate-de-leite-bubbly-milka-5656406.html?cgid=mercearias-chocolates-chocolates",
                                    "imagem": "https://www.continente.pt/dw/image/v2/BDVS_PRD/on/demandware.static/-/Sites-col-master-catalog/default/dwb2157f0e/images/col/565/5656406-frente.jpg?sw=280&sh=280"
                                },
                                {
                                    "marca": "Milka",
                                    "descricao": "Tablete de Chocolate Triple",
                                    "preco": "1,69€",
                                    "preco_antigo": null,
                                    "quantidade": "emb. 90 gr",
                                    "precoPorQuantidade": "18,78€/kg",
                                    "link": "https://www.continente.pt/produto/tablete-de-chocolate-triple-milka-5815965.html?cgid=mercearias-chocolates-chocolates",
                                    "imagem": "https://www.continente.pt/dw/image/v2/BDVS_PRD/on/demandware.static/-/Sites-col-master-catalog/default/dw261173fa/images/col/581/5815965-frente.jpg?sw=280&sh=280"
                                },
                                {
                                    "marca": "Milka",
                                    "descricao": "Tablete de Chocolate Triple Caramelo",
                                    "preco": "1,69€",
                                    "preco_antigo": null,
                                    "quantidade": "emb. 90 gr",
                                    "precoPorQuantidade": "18,78€/kg",
                                    "link": "https://www.continente.pt/produto/tablete-de-chocolate-triple-caramelo-milka-5815963.html?cgid=mercearias-chocolates-chocolates",
                                    "imagem": "https://www.continente.pt/dw/image/v2/BDVS_PRD/on/demandware.static/-/Sites-col-master-catalog/default/dw09bcb6b2/images/col/581/5815963-frente.jpg?sw=280&sh=280"
                                },
                                {
                                    "marca": "M&M's",
                                    "descricao": "Tablete de Chocolate de Leite e Arroz Tufado",
                                    "preco": "2,89€",
                                    "preco_antigo": null,
                                    "quantidade": "emb. 150 gr",
                                    "precoPorQuantidade": "19,27€/kg",
                                    "link": "https://www.continente.pt/produto/tablete-de-chocolate-de-leite-e-arroz-tufado-m-ms-7450623.html?cgid=mercearias-chocolates-chocolates",
                                    "imagem": "https://www.continente.pt/dw/image/v2/BDVS_PRD/on/demandware.static/-/Sites-col-master-catalog/default/dwccf35012/images/col/745/7450623-frente.jpg?sw=280&sh=280"
                                },
                                {
                                    "marca": "Crunch",
                                    "descricao": "Tablete de Chocolate Negro",
                                    "preco": "1,99€",
                                    "preco_antigo": null,
                                    "quantidade": "emb. 100 gr",
                                    "precoPorQuantidade": "19,90€/kg",
                                    "link": "https://www.continente.pt/produto/tablete-de-chocolate-negro-crunch-5121486.html?cgid=mercearias-chocolates-chocolates",
                                    "imagem": "https://www.continente.pt/dw/image/v2/BDVS_PRD/on/demandware.static/-/Sites-col-master-catalog/default/dw5e5b6005/images/col/512/5121486-frente.jpg?sw=280&sh=280"
                                },
                                {
                                    "marca": "Ritter Sport",
                                    "descricao": "Tablete de Chocolate com Avelã e Passas",
                                    "preco": "1,99€",
                                    "preco_antigo": null,
                                    "quantidade": "emb. 100 gr",
                                    "precoPorQuantidade": "19,90€ /kg",
                                    "link": "https://www.continente.pt/produto/tablete-de-chocolate-com-avela-e-passas-ritter-sport-4113232.html?cgid=mercearias-chocolates-chocolates",
                                    "imagem": "https://www.continente.pt/dw/image/v2/BDVS_PRD/on/demandware.static/-/Sites-col-master-catalog/default/dw61ceaeb7/images/col/411/4113232-frente.jpg?sw=280&sh=280"
                                },
                                {
                                    "marca": "Cemoi",
                                    "descricao": "Tablete de Chocolate Negro 72% Cacau",
                                    "preco": "1,99€",
                                    "preco_antigo": null,
                                    "quantidade": "emb. 100 gr",
                                    "precoPorQuantidade": "19,90€/kg",
                                    "link": "https://www.continente.pt/produto/tablete-de-chocolate-negro-72--cacau-cemoi-5611018.html?cgid=mercearias-chocolates-chocolates",
                                    "imagem": "https://www.continente.pt/dw/image/v2/BDVS_PRD/on/demandware.static/-/Sites-col-master-catalog/default/dw3790971f/images/col/561/5611018-frente.jpg?sw=280&sh=280"
                                },
                                {
                                    "marca": "Crunch",
                                    "descricao": "Tablete de Chocolate de Leite",
                                    "preco": "1,99€",
                                    "preco_antigo": null,
                                    "quantidade": "emb. 100 gr",
                                    "precoPorQuantidade": "19,90€/kg",
                                    "link": "https://www.continente.pt/produto/tablete-de-chocolate-de-leite-crunch-2027778.html?cgid=mercearias-chocolates-chocolates",
                                    "imagem": "https://www.continente.pt/dw/image/v2/BDVS_PRD/on/demandware.static/-/Sites-col-master-catalog/default/dwf24287a2/images/col/202/2027778-direito.jpg?sw=280&sh=280"
                                },
                                {
                                    "marca": "Ritter Sport",
                                    "descricao": "Tablete de Chocolate com Recheio de Menta",
                                    "preco": "1,99€",
                                    "preco_antigo": null,
                                    "quantidade": "emb. 100 gr",
                                    "precoPorQuantidade": "19,90€/kg",
                                    "link": "https://www.continente.pt/produto/tablete-de-chocolate-com-recheio-de-menta-ritter-sport-4019987.html?cgid=mercearias-chocolates-chocolates",
                                    "imagem": "https://www.continente.pt/dw/image/v2/BDVS_PRD/on/demandware.static/-/Sites-col-master-catalog/default/dw621078b0/images/col/401/4019987-frente.jpg?sw=280&sh=280"
                                },
                                {
                                    "marca": "Crunch",
                                    "descricao": "Tablete de Chocolate Bolacha",
                                    "preco": "1,99€",
                                    "preco_antigo": null,
                                    "quantidade": "emb. 100 gr",
                                    "precoPorQuantidade": "19,90€/kg",
                                    "link": "https://www.continente.pt/produto/tablete-de-chocolate-bolacha-crunch-5191967.html?cgid=mercearias-chocolates-chocolates",
                                    "imagem": "https://www.continente.pt/dw/image/v2/BDVS_PRD/on/demandware.static/-/Sites-col-master-catalog/default/dw8ed9e51f/images/col/519/5191967-frente.jpg?sw=280&sh=280"
                                },
                                {
                                    "marca": "Cemoi",
                                    "descricao": "Tablete de Chocolate Negro com Flor de Sal",
                                    "preco": "1,99€",
                                    "preco_antigo": null,
                                    "quantidade": "emb. 100 gr",
                                    "precoPorQuantidade": "19,90€/kg",
                                    "link": "https://www.continente.pt/produto/tablete-de-chocolate-negro-com-flor-de-sal-cemoi-5611049.html?cgid=mercearias-chocolates-chocolates",
                                    "imagem": "https://www.continente.pt/dw/image/v2/BDVS_PRD/on/demandware.static/-/Sites-col-master-catalog/default/dw7cb7baed/col/561/5611049.jpg?sw=280&sh=280"
                                },
                                {
                                    "marca": "Crunch",
                                    "descricao": "Tablete de Chocolate Branco",
                                    "preco": "1,99€",
                                    "preco_antigo": null,
                                    "quantidade": "emb. 100 gr",
                                    "precoPorQuantidade": "19,90€/kg",
                                    "link": "https://www.continente.pt/produto/tablete-de-chocolate-branco-crunch-5121476.html?cgid=mercearias-chocolates-chocolates",
                                    "imagem": "https://www.continente.pt/dw/image/v2/BDVS_PRD/on/demandware.static/-/Sites-col-master-catalog/default/dw0b31b97b/images/col/512/5121476-frente.jpg?sw=280&sh=280"
                                },
                                {
                                    "marca": "Continente Seleção",
                                    "descricao": "Chocolate Blonde",
                                    "preco": "1,99€",
                                    "preco_antigo": null,
                                    "quantidade": "emb. 100 gr",
                                    "precoPorQuantidade": "19,90€/kg",
                                    "link": "https://www.continente.pt/produto/chocolate-blonde-continente-selecao-7327116.html?cgid=mercearias-chocolates-chocolates",
                                    "imagem": "https://www.continente.pt/dw/image/v2/BDVS_PRD/on/demandware.static/-/Sites-col-master-catalog/default/dw2d679acc/images/col/732/7327116-frente.jpg?sw=280&sh=280"
                                },
                                {
                                    "marca": "Cemoi",
                                    "descricao": "Tablete de Chocolate Negro 82% Cacau",
                                    "preco": "1,99€",
                                    "preco_antigo": null,
                                    "quantidade": "emb. 100 gr",
                                    "precoPorQuantidade": "19,90€/kg",
                                    "link": "https://www.continente.pt/produto/tablete-de-chocolate-negro-82--cacau-cemoi-5611014.html?cgid=mercearias-chocolates-chocolates",
                                    "imagem": "https://www.continente.pt/dw/image/v2/BDVS_PRD/on/demandware.static/-/Sites-col-master-catalog/default/dwa563ccc8/images/col/561/5611014-frente.jpg?sw=280&sh=280"
                                },
                                {
                                    "marca": "Nestlé",
                                    "descricao": "Nestlé Dark Tablete de Chocolate Negro com Amêndoa",
                                    "preco": "2,99€",
                                    "preco_antigo": null,
                                    "quantidade": "emb. 150 gr",
                                    "precoPorQuantidade": "19,93€/kg",
                                    "link": "https://www.continente.pt/produto/nestle-dark-tablete-de-chocolate-negro-com-amendoa-nestle-7450920.html?cgid=mercearias-chocolates-chocolates",
                                    "imagem": "https://www.continente.pt/dw/image/v2/BDVS_PRD/on/demandware.static/-/Sites-col-master-catalog/default/dw5a2700a2/images/col/745/7450920-frente.jpg?sw=280&sh=280"
                                },
                                {
                                    "marca": "Nestlé",
                                    "descricao": "Nestlé Dark Tablete de Chocolate Negro com Avelã",
                                    "preco": "2,99€",
                                    "preco_antigo": null,
                                    "quantidade": "emb. 150 gr",
                                    "precoPorQuantidade": "19,93€/kg",
                                    "link": "https://www.continente.pt/produto/nestle-dark-tablete-de-chocolate-negro-com-avela-nestle-7450919.html?cgid=mercearias-chocolates-chocolates",
                                    "imagem": "https://www.continente.pt/dw/image/v2/BDVS_PRD/on/demandware.static/-/Sites-col-master-catalog/default/dw8651bc56/images/col/745/7450919-frente.jpg?sw=280&sh=280"
                                },
                                {
                                    "marca": "Cadbury",
                                    "descricao": "Tablete de Chocolate de Leite e Avelã",
                                    "preco": "3,69€",
                                    "preco_antigo": null,
                                    "quantidade": "emb. 180 gr",
                                    "precoPorQuantidade": "20,50€/kg",
                                    "link": "https://www.continente.pt/produto/tablete-de-chocolate-de-leite-e-avela-cadbury-7573119.html?cgid=mercearias-chocolates-chocolates",
                                    "imagem": "https://www.continente.pt/dw/image/v2/BDVS_PRD/on/demandware.static/-/Sites-col-master-catalog/default/dw8c32faf6/images/col/757/7573119-frente.jpg?sw=280&sh=280"
                                },
                                {
                                    "marca": "Cadbury",
                                    "descricao": "Tablete de Chocolate de Leite e Caramelo",
                                    "preco": "3,69€",
                                    "preco_antigo": null,
                                    "quantidade": "emb. 180 gr",
                                    "precoPorQuantidade": "20,50€/kg",
                                    "link": "https://www.continente.pt/produto/tablete-de-chocolate-de-leite-e-caramelo-cadbury-7573117.html?cgid=mercearias-chocolates-chocolates",
                                    "imagem": "https://www.continente.pt/dw/image/v2/BDVS_PRD/on/demandware.static/-/Sites-col-master-catalog/default/dw2d86d11f/images/col/757/7573117-frente.jpg?sw=280&sh=280"
                                },
                                {
                                    "marca": "Cadbury",
                                    "descricao": "Tablete Chocolate Leite Dairy",
                                    "preco": "3,69€",
                                    "preco_antigo": null,
                                    "quantidade": "emb. 180 gr",
                                    "precoPorQuantidade": "20,50€/kg",
                                    "link": "https://www.continente.pt/produto/tablete-chocolate-leite-dairy-cadbury-7573118.html?cgid=mercearias-chocolates-chocolates",
                                    "imagem": "https://www.continente.pt/dw/image/v2/BDVS_PRD/on/demandware.static/-/Sites-col-master-catalog/default/dwa21cd86a/images/col/757/7573118-frente.jpg?sw=280&sh=280"
                                },
                                {
                                    "marca": "Cadbury",
                                    "descricao": "Tablete Chocolate Leite Crunchie Bits",
                                    "preco": "3,69€",
                                    "preco_antigo": null,
                                    "quantidade": "emb. 180 gr",
                                    "precoPorQuantidade": "20,50€/kg",
                                    "link": "https://www.continente.pt/produto/tablete-chocolate-leite-crunchie-bits-cadbury-7573083.html?cgid=mercearias-chocolates-chocolates",
                                    "imagem": "https://www.continente.pt/dw/image/v2/BDVS_PRD/on/demandware.static/-/Sites-col-master-catalog/default/dwfe2e39bc/images/col/757/7573083-frente.jpg?sw=280&sh=280"
                                },
                                {
                                    "marca": "Cadbury",
                                    "descricao": "Tablete de Chocolate de Leite Fruit & Nut",
                                    "preco": "3,69€",
                                    "preco_antigo": null,
                                    "quantidade": "emb. 180 gr",
                                    "precoPorQuantidade": "20,50€/kg",
                                    "link": "https://www.continente.pt/produto/tablete-de-chocolate-de-leite-fruit-nut-cadbury-7573122.html?cgid=mercearias-chocolates-chocolates",
                                    "imagem": "https://www.continente.pt/dw/image/v2/BDVS_PRD/on/demandware.static/-/Sites-col-master-catalog/default/dw7fe1f82d/images/col/757/7573122-frente.jpg?sw=280&sh=280"
                                },
                                {
                                    "marca": "Lacasa",
                                    "descricao": "Tablete de Chocolate 70% Cacau sem Glúten",
                                    "preco": "2,09€",
                                    "preco_antigo": null,
                                    "quantidade": "emb. 100 gr",
                                    "precoPorQuantidade": "20,90€/kg",
                                    "link": "https://www.continente.pt/produto/tablete-de-chocolate-70--cacau-sem-gluten-lacasa-5384953.html?cgid=mercearias-chocolates-chocolates",
                                    "imagem": "https://www.continente.pt/dw/image/v2/BDVS_PRD/on/demandware.static/-/Sites-col-master-catalog/default/dw248166dc/images/col/538/5384953-direito.jpg?sw=280&sh=280"
                                },
                                {
                                    "marca": "Lacasa",
                                    "descricao": "Tablete de Chocolate 85% Cacau sem Glúten",
                                    "preco": "2,09€",
                                    "preco_antigo": null,
                                    "quantidade": "emb. 100 gr",
                                    "precoPorQuantidade": "20,90€/kg",
                                    "link": "https://www.continente.pt/produto/tablete-de-chocolate-85--cacau-sem-gluten-lacasa-5632667.html?cgid=mercearias-chocolates-chocolates",
                                    "imagem": "https://www.continente.pt/dw/image/v2/BDVS_PRD/on/demandware.static/-/Sites-col-master-catalog/default/dw8e2853e3/images/col/563/5632667-direito.jpg?sw=280&sh=280"
                                },
                                {
                                    "marca": "Regina",
                                    "descricao": "Tablete de Chocolate de Leite Redução de Açúcar",
                                    "preco": "1,29€",
                                    "preco_antigo": null,
                                    "quantidade": "emb. 3 x 20 gr",
                                    "precoPorQuantidade": "21,50€/kg",
                                    "link": "https://www.continente.pt/produto/tablete-de-chocolate-de-leite-reducao-de-acucar-regina-7434620.html?cgid=mercearias-chocolates-chocolates",
                                    "imagem": "https://www.continente.pt/dw/image/v2/BDVS_PRD/on/demandware.static/-/Sites-col-master-catalog/default/dw834d4ec1/images/col/743/7434620-frente.jpg?sw=280&sh=280"
                                },
                                {
                                    "marca": "Cadbury",
                                    "descricao": "Tablete de Chocolate de Leite e Avelã Dairy Milk",
                                    "preco": "2,59€",
                                    "preco_antigo": null,
                                    "quantidade": "emb. 120 gr",
                                    "precoPorQuantidade": "21,58€/kg",
                                    "link": "https://www.continente.pt/produto/tablete-de-chocolate-de-leite-e-avela-dairy-milk-cadbury-4666838.html?cgid=mercearias-chocolates-chocolates",
                                    "imagem": "https://www.continente.pt/dw/image/v2/BDVS_PRD/on/demandware.static/-/Sites-col-master-catalog/default/dwca38e8c1/images/col/466/4666838-frente.jpg?sw=280&sh=280"
                                },
                                {
                                    "marca": "Cem Porcento",
                                    "descricao": "Tablete de Chocolate Negro com Coco sem Açúcar e sem Glúten",
                                    "preco": "2,79€",
                                    "preco_antigo": null,
                                    "quantidade": "emb. 125 gr",
                                    "precoPorQuantidade": "22,32€/kg",
                                    "link": "https://www.continente.pt/produto/tablete-de-chocolate-negro-com-coco-sem-acucar-e-sem-gluten-cem-porcento-6369899.html?cgid=mercearias-chocolates-chocolates",
                                    "imagem": "https://www.continente.pt/dw/image/v2/BDVS_PRD/on/demandware.static/-/Sites-col-master-catalog/default/dwffc97532/images/col/636/6369899-direito.jpg?sw=280&sh=280"
                                },
                                {
                                    "marca": "Nestlé",
                                    "descricao": "Nestlé Dark Tablete de Chocolate Negro Extrafino 70% Cacau sem Glúten",
                                    "preco": "2,69€",
                                    "preco_antigo": null,
                                    "quantidade": "emb. 120 gr",
                                    "precoPorQuantidade": "22,42€/kg",
                                    "link": "https://www.continente.pt/produto/nestle-dark-tablete-de-chocolate-negro-extrafino-70--cacau-sem-gluten-nestle-5632707.html?cgid=mercearias-chocolates-chocolates",
                                    "imagem": "https://www.continente.pt/dw/image/v2/BDVS_PRD/on/demandware.static/-/Sites-col-master-catalog/default/dw369e1357/images/col/563/5632707-hero.jpg?sw=280&sh=280"
                                },
                                {
                                    "marca": "Nestlé",
                                    "descricao": "Nestlé Dark Tablete de Chocolate Negro 85% Cacau sem Glúten",
                                    "preco": "2,69€",
                                    "preco_antigo": null,
                                    "quantidade": "emb. 120 gr",
                                    "precoPorQuantidade": "22,42€/kg",
                                    "link": "https://www.continente.pt/produto/nestle-dark-tablete-de-chocolate-negro-85--cacau-sem-gluten-nestle-7244182.html?cgid=mercearias-chocolates-chocolates",
                                    "imagem": "https://www.continente.pt/dw/image/v2/BDVS_PRD/on/demandware.static/-/Sites-col-master-catalog/default/dwe5ff6f87/images/col/724/7244182-hero.jpg?sw=280&sh=280"
                                },
                                {
                                    "marca": "Côte D'Or",
                                    "descricao": "Tablete de Chocolate Negro com Laranja",
                                    "preco": "2,29€",
                                    "preco_antigo": null,
                                    "quantidade": "emb. 100 gr",
                                    "precoPorQuantidade": "22,90€/kg",
                                    "link": "https://www.continente.pt/produto/tablete-de-chocolate-negro-com-laranja-cote-dor-6967700.html?cgid=mercearias-chocolates-chocolates",
                                    "imagem": "https://www.continente.pt/dw/image/v2/BDVS_PRD/on/demandware.static/-/Sites-col-master-catalog/default/dw66395d82/images/col/696/6967700-frente.jpg?sw=280&sh=280"
                                },
                                {
                                    "marca": "Côte D'Or",
                                    "descricao": "Tablete de Chocolate Negro com Sésamo",
                                    "preco": "2,29€",
                                    "preco_antigo": null,
                                    "quantidade": "emb. 100 gr",
                                    "precoPorQuantidade": "22,90€/kg",
                                    "link": "https://www.continente.pt/produto/tablete-de-chocolate-negro-com-sesamo-cote-dor-6967703.html?cgid=mercearias-chocolates-chocolates",
                                    "imagem": "https://www.continente.pt/dw/image/v2/BDVS_PRD/on/demandware.static/-/Sites-col-master-catalog/default/dw84782236/images/col/696/6967703-frente.jpg?sw=280&sh=280"
                                },
                                {
                                    "marca": "Côte D'Or",
                                    "descricao": "Tablete de Chocolate Negro 70% Cacau",
                                    "preco": "2,29€",
                                    "preco_antigo": null,
                                    "quantidade": "emb. 100 gr",
                                    "precoPorQuantidade": "22,90€/kg",
                                    "link": "https://www.continente.pt/produto/tablete-de-chocolate-negro-70--cacau-cote-dor-3022571.html?cgid=mercearias-chocolates-chocolates",
                                    "imagem": "https://www.continente.pt/dw/image/v2/BDVS_PRD/on/demandware.static/-/Sites-col-master-catalog/default/dw9784ac08/images/col/302/3022571-frente.jpg?sw=280&sh=280"
                                },
                                {
                                    "marca": "Côte D'Or",
                                    "descricao": "Tablete de Chocolate Negro 86% Cacau",
                                    "preco": "2,29€",
                                    "preco_antigo": null,
                                    "quantidade": "emb. 100 gr",
                                    "precoPorQuantidade": "22,90€/kg",
                                    "link": "https://www.continente.pt/produto/tablete-de-chocolate-negro-86--cacau-cote-dor-6967712.html?cgid=mercearias-chocolates-chocolates",
                                    "imagem": "https://www.continente.pt/dw/image/v2/BDVS_PRD/on/demandware.static/-/Sites-col-master-catalog/default/dw9c424a5e/images/col/696/6967712-frente.jpg?sw=280&sh=280"
                                },
                                {
                                    "marca": "Côte D'Or",
                                    "descricao": "Tablete de Chocolate Negro 70% Cacau com Noz Pecan",
                                    "preco": "2,29€",
                                    "preco_antigo": null,
                                    "quantidade": "emb. 100 gr",
                                    "precoPorQuantidade": "22,90€/kg",
                                    "link": "https://www.continente.pt/produto/tablete-de-chocolate-negro-70--cacau-com-noz-pecan-cote-dor-7443847.html?cgid=mercearias-chocolates-chocolates",
                                    "imagem": "https://www.continente.pt/dw/image/v2/BDVS_PRD/on/demandware.static/-/Sites-col-master-catalog/default/dwbe1085e1/images/col/744/7443847-frente.jpg?sw=280&sh=280"
                                },
                                {
                                    "marca": "Nestlé",
                                    "descricao": "Tablete de Chocolate Negro com Caramelo Les Recettes de L'Atelier",
                                    "preco": "2,65€",
                                    "preco_antigo": null,
                                    "quantidade": "emb.115 gr",
                                    "precoPorQuantidade": "23,04€/kg",
                                    "link": "https://www.continente.pt/produto/tablete-de-chocolate-negro-com-caramelo-les-recettes-de-latelier-nestle-6616635.html?cgid=mercearias-chocolates-chocolates",
                                    "imagem": "https://www.continente.pt/dw/image/v2/BDVS_PRD/on/demandware.static/-/Sites-col-master-catalog/default/dw4bdec149/images/col/661/6616635-frente.jpg?sw=280&sh=280"
                                },
                                {
                                    "marca": "Nestlé",
                                    "descricao": "Tablete de Chocolate Negro com Amêndoa Les Recettes de L'Atelier",
                                    "preco": "2,65€",
                                    "preco_antigo": null,
                                    "quantidade": "emb. 115 gr",
                                    "precoPorQuantidade": "23,04€/kg",
                                    "link": "https://www.continente.pt/produto/tablete-de-chocolate-negro-com-amendoa-les-recettes-de-latelier-nestle-6616637.html?cgid=mercearias-chocolates-chocolates",
                                    "imagem": "https://www.continente.pt/dw/image/v2/BDVS_PRD/on/demandware.static/-/Sites-col-master-catalog/default/dw7ea64e52/images/col/661/6616637-frente.jpg?sw=280&sh=280"
                                },
                                {
                                    "marca": "Nestlé",
                                    "descricao": "Tablete de Chocolate de Leite com Amêndoas Les Recettes de L'Atelier",
                                    "preco": "2,65€",
                                    "preco_antigo": null,
                                    "quantidade": "emb. 115 gr",
                                    "precoPorQuantidade": "23,04€/kg",
                                    "link": "https://www.continente.pt/produto/tablete-de-chocolate-de-leite-com-amendoas-les-recettes-de-latelier-nestle-7599257.html?cgid=mercearias-chocolates-chocolates",
                                    "imagem": "https://www.continente.pt/dw/image/v2/BDVS_PRD/on/demandware.static/-/Sites-col-master-catalog/default/dw07e7b100/images/col/759/7599257-frente.jpg?sw=280&sh=280"
                                },
                                {
                                    "marca": "Nestlé",
                                    "descricao": "Tablete de Chocolate Negro com Avelã Le Recettes de L'Atelier",
                                    "preco": "2,65€",
                                    "preco_antigo": null,
                                    "quantidade": "emb. 115 gr",
                                    "precoPorQuantidade": "23,04€/kg",
                                    "link": "https://www.continente.pt/produto/tablete-de-chocolate-negro-com-avela-le-recettes-de-latelier-nestle-7450921.html?cgid=mercearias-chocolates-chocolates",
                                    "imagem": "https://www.continente.pt/dw/image/v2/BDVS_PRD/on/demandware.static/-/Sites-col-master-catalog/default/dw8256fd12/images/col/745/7450921-direito.jpg?sw=280&sh=280"
                                },
                                {
                                    "marca": "Nestlé",
                                    "descricao": "Tablete de Chocolate Negro com Amêndoa Les Recettes de L'Atelier",
                                    "preco": "3,99€",
                                    "preco_antigo": null,
                                    "quantidade": "emb. 170 gr",
                                    "precoPorQuantidade": "23,47€/kg",
                                    "link": "https://www.continente.pt/produto/tablete-de-chocolate-negro-com-amendoa-les-recettes-de-latelier-nestle-7089064.html?cgid=mercearias-chocolates-chocolates",
                                    "imagem": "https://www.continente.pt/dw/image/v2/BDVS_PRD/on/demandware.static/-/Sites-col-master-catalog/default/dwbfe0c39b/images/col/708/7089064-direito.jpg?sw=280&sh=280"
                                },
                                {
                                    "marca": "Nestlé",
                                    "descricao": "Tablete de Chocolate de Leite com Passas, Avelã e Amêndoa Les Recettes de L'Atelier",
                                    "preco": "3,99€",
                                    "preco_antigo": null,
                                    "quantidade": "emb. 170 gr",
                                    "precoPorQuantidade": "23,47€/kg",
                                    "link": "https://www.continente.pt/produto/tablete-de-chocolate-de-leite-com-passas-avela-e-amendoa-les-recettes-de-latelier-nestle-7089063.html?cgid=mercearias-chocolates-chocolates",
                                    "imagem": "https://www.continente.pt/dw/image/v2/BDVS_PRD/on/demandware.static/-/Sites-col-master-catalog/default/dw1ef0a4e0/images/col/708/7089063-direito.jpg?sw=280&sh=280"
                                },
                                {
                                    "marca": "Nestlé",
                                    "descricao": "Tablete de Chocolate Negro com Avelã Les Recettes de L'Atelier",
                                    "preco": "3,99€",
                                    "preco_antigo": null,
                                    "quantidade": "emb. 170 gr",
                                    "precoPorQuantidade": "23,47€/kg",
                                    "link": "https://www.continente.pt/produto/tablete-de-chocolate-negro-com-avela-les-recettes-de-latelier-nestle-7089062.html?cgid=mercearias-chocolates-chocolates",
                                    "imagem": "https://www.continente.pt/dw/image/v2/BDVS_PRD/on/demandware.static/-/Sites-col-master-catalog/default/dw663d3164/images/col/708/7089062-direito.jpg?sw=280&sh=280"
                                },
                                {
                                    "marca": "Nestlé",
                                    "descricao": "Tablete de Chocolate de Leite com Avelã Les Recettes de L'Atelier",
                                    "preco": "3,99€",
                                    "preco_antigo": null,
                                    "quantidade": "emb. 170 gr",
                                    "precoPorQuantidade": "23,47€/kg",
                                    "link": "https://www.continente.pt/produto/tablete-de-chocolate-de-leite-com-avela-les-recettes-de-latelier-nestle-7089061.html?cgid=mercearias-chocolates-chocolates",
                                    "imagem": "https://www.continente.pt/dw/image/v2/BDVS_PRD/on/demandware.static/-/Sites-col-master-catalog/default/dw8d571ba9/images/col/708/7089061-direito.jpg?sw=280&sh=280"
                                },
                                {
                                    "marca": "Cadbury",
                                    "descricao": "Tablete de Chocolate de Leite Dairy Milk",
                                    "preco": "2,59€",
                                    "preco_antigo": null,
                                    "quantidade": "emb. 110 gr",
                                    "precoPorQuantidade": "23,55€/kg",
                                    "link": "https://www.continente.pt/produto/tablete-de-chocolate-de-leite-dairy-milk-cadbury-5373111.html?cgid=mercearias-chocolates-chocolates",
                                    "imagem": "https://www.continente.pt/dw/image/v2/BDVS_PRD/on/demandware.static/-/Sites-col-master-catalog/default/dwaa291601/images/col/537/5373111-frente.jpg?sw=280&sh=280"
                                },
                                {
                                    "marca": "Cadbury",
                                    "descricao": "Tablete de Chocolate de Leite com Frutos Secos e Passas Dairy Milk",
                                    "preco": "2,59€",
                                    "preco_antigo": null,
                                    "quantidade": "emb. 110 gr",
                                    "precoPorQuantidade": "23,55€ /kg",
                                    "link": "https://www.continente.pt/produto/tablete-de-chocolate-de-leite-com-frutos-secos-e-passas-dairy-milk-cadbury-6086679.html?cgid=mercearias-chocolates-chocolates",
                                    "imagem": "https://www.continente.pt/dw/image/v2/BDVS_PRD/on/demandware.static/-/Sites-col-master-catalog/default/dw1171e9a9/images/col/608/6086679-frente.jpg?sw=280&sh=280"
                                },
                                {
                                    "marca": "Ritter Sport",
                                    "descricao": "Tablete de Chocolate Origem Perú 74% Cacau",
                                    "preco": "2,39€",
                                    "preco_antigo": null,
                                    "quantidade": "emb. 100 gr",
                                    "precoPorQuantidade": "23,90€/kg",
                                    "link": "https://www.continente.pt/produto/tablete-de-chocolate-origem-peru-74--cacau-ritter-sport-6856452.html?cgid=mercearias-chocolates-chocolates",
                                    "imagem": "https://www.continente.pt/dw/image/v2/BDVS_PRD/on/demandware.static/-/Sites-col-master-catalog/default/dw680f48d9/images/col/685/6856452-frente.jpg?sw=280&sh=280"
                                },
                                {
                                    "marca": "Ritter Sport",
                                    "descricao": "Tablete de Chocolate de Leite com Avelã",
                                    "preco": "2,39€",
                                    "preco_antigo": null,
                                    "quantidade": "emb. 100 gr",
                                    "precoPorQuantidade": "23,90€/kg",
                                    "link": "https://www.continente.pt/produto/tablete-de-chocolate-de-leite-com-avela-ritter-sport-5825463.html?cgid=mercearias-chocolates-chocolates",
                                    "imagem": "https://www.continente.pt/dw/image/v2/BDVS_PRD/on/demandware.static/-/Sites-col-master-catalog/default/dw012429b3/images/col/582/5825463-frente.jpg?sw=280&sh=280"
                                },
                                {
                                    "marca": "Ritter Sport",
                                    "descricao": "Tablete de Chocolate Puro com Avelã",
                                    "preco": "2,39€",
                                    "preco_antigo": null,
                                    "quantidade": "emb. 100 gr",
                                    "precoPorQuantidade": "23,90€/kg",
                                    "link": "https://www.continente.pt/produto/tablete-de-chocolate-puro-com-avela-ritter-sport-5827179.html?cgid=mercearias-chocolates-chocolates",
                                    "imagem": "https://www.continente.pt/dw/image/v2/BDVS_PRD/on/demandware.static/-/Sites-col-master-catalog/default/dw73974bdc/images/col/582/5827179-frente.jpg?sw=280&sh=280"
                                },
                                {
                                    "marca": "Cem Porcento",
                                    "descricao": "Tablete de Chocolate Negro 72% Cacau sem Glúten",
                                    "preco": "2,39€",
                                    "preco_antigo": null,
                                    "quantidade": "emb. 100 gr",
                                    "precoPorQuantidade": "23,90€/kg",
                                    "link": "https://www.continente.pt/produto/tablete-de-chocolate-negro-72--cacau-sem-gluten-cem-porcento-5964294.html?cgid=mercearias-chocolates-chocolates",
                                    "imagem": "https://www.continente.pt/dw/image/v2/BDVS_PRD/on/demandware.static/-/Sites-col-master-catalog/default/dw648c8013/images/col/596/5964294-direito.jpg?sw=280&sh=280"
                                },
                                {
                                    "marca": "Cem Porcento",
                                    "descricao": "Tablete de Chocolate Negro com Canela sem Açúcar e sem Glúten",
                                    "preco": "2,99€",
                                    "preco_antigo": null,
                                    "quantidade": "emb. 125 gr",
                                    "precoPorQuantidade": "23,92€/kg",
                                    "link": "https://www.continente.pt/produto/tablete-de-chocolate-negro-com-canela-sem-acucar-e-sem-gluten-cem-porcento-6537415.html?cgid=mercearias-chocolates-chocolates",
                                    "imagem": "https://www.continente.pt/dw/image/v2/BDVS_PRD/on/demandware.static/-/Sites-col-master-catalog/default/dw43ef0122/images/col/653/6537415-direito.jpg?sw=280&sh=280"
                                },
                                {
                                    "marca": "Cem Porcento",
                                    "descricao": "Tablete de Chocolate Negro com Avelãs sem Glúten",
                                    "preco": "2,99€",
                                    "preco_antigo": null,
                                    "quantidade": "emb. 125 gr",
                                    "precoPorQuantidade": "23,92€/kg",
                                    "link": "https://www.continente.pt/produto/tablete-de-chocolate-negro-com-avelas-sem-gluten-cem-porcento-5235704.html?cgid=mercearias-chocolates-chocolates",
                                    "imagem": "https://www.continente.pt/dw/image/v2/BDVS_PRD/on/demandware.static/-/Sites-col-master-catalog/default/dw821e84b6/images/col/523/5235704-direito.jpg?sw=280&sh=280"
                                },
                                {
                                    "marca": "Cem Porcento",
                                    "descricao": "Tablete de Chocolate Negro e Frutos Vermelhos sem Glúten",
                                    "preco": "2,99€",
                                    "preco_antigo": null,
                                    "quantidade": "emb. 125 gr",
                                    "precoPorQuantidade": "23,92€/kg",
                                    "link": "https://www.continente.pt/produto/tablete-de-chocolate-negro-e-frutos-vermelhos-sem-gluten-cem-porcento-5235721.html?cgid=mercearias-chocolates-chocolates",
                                    "imagem": "https://www.continente.pt/dw/image/v2/BDVS_PRD/on/demandware.static/-/Sites-col-master-catalog/default/dw02c3d1a8/images/col/523/5235721-direito.jpg?sw=280&sh=280"
                                },
                                {
                                    "marca": "Cemoi",
                                    "descricao": "Tablete de Chocolate Negro 90% Cacau",
                                    "preco": "1,99€",
                                    "preco_antigo": null,
                                    "quantidade": "emb. 80 gr",
                                    "precoPorQuantidade": "24,88€/kg",
                                    "link": "https://www.continente.pt/produto/tablete-de-chocolate-negro-90--cacau-cemoi-6447186.html?cgid=mercearias-chocolates-chocolates",
                                    "imagem": "https://www.continente.pt/dw/image/v2/BDVS_PRD/on/demandware.static/-/Sites-col-master-catalog/default/dw302a5063/images/col/644/6447186-frente.jpg?sw=280&sh=280"
                                },
                                {
                                    "marca": "Toblerone",
                                    "descricao": "Chocolate Branco",
                                    "preco": "2,49€",
                                    "preco_antigo": null,
                                    "quantidade": "emb. 100 gr",
                                    "precoPorQuantidade": "24,90€/kg",
                                    "link": "https://www.continente.pt/produto/chocolate-branco-toblerone-2005660.html?cgid=mercearias-chocolates-chocolates",
                                    "imagem": "https://www.continente.pt/dw/image/v2/BDVS_PRD/on/demandware.static/-/Sites-col-master-catalog/default/dwece17a96/images/col/200/2005660-direito.jpg?sw=280&sh=280"
                                },
                                {
                                    "marca": "Cem Porcento",
                                    "descricao": "Tablete de Chocolate Negro sem Glúten",
                                    "preco": "2,49€",
                                    "preco_antigo": null,
                                    "quantidade": "emb. 100 gr",
                                    "precoPorQuantidade": "24,90€/kg",
                                    "link": "https://www.continente.pt/produto/tablete-de-chocolate-negro-sem-gluten-cem-porcento-5235710.html?cgid=mercearias-chocolates-chocolates",
                                    "imagem": "https://www.continente.pt/dw/image/v2/BDVS_PRD/on/demandware.static/-/Sites-col-master-catalog/default/dw02d6c391/images/col/523/5235710-direito.jpg?sw=280&sh=280"
                                },
                                {
                                    "marca": "Canderel",
                                    "descricao": "Tablete Chocolate de Leite com Avelãs",
                                    "preco": "2,49€",
                                    "preco_antigo": null,
                                    "quantidade": "emb. 100 gr",
                                    "precoPorQuantidade": "24,90€/kg",
                                    "link": "https://www.continente.pt/produto/tablete-chocolate-de-leite-com-avelas-canderel-7268801.html?cgid=mercearias-chocolates-chocolates",
                                    "imagem": "https://www.continente.pt/dw/image/v2/BDVS_PRD/on/demandware.static/-/Sites-col-master-catalog/default/dw53a3c8c6/images/col/726/7268801-frente.jpg?sw=280&sh=280"
                                },
                                {
                                    "marca": "Toblerone",
                                    "descricao": "Snack de Chocolate de Leite com Nougat, Mel e Amêndoa",
                                    "preco": "2,49€",
                                    "preco_antigo": null,
                                    "quantidade": "emb. 100 gr",
                                    "precoPorQuantidade": "24,90€/kg",
                                    "link": "https://www.continente.pt/produto/snack-de-chocolate-de-leite-com-nougat-mel-e-amendoa-toblerone-2005659.html?cgid=mercearias-chocolates-chocolates",
                                    "imagem": "https://www.continente.pt/dw/image/v2/BDVS_PRD/on/demandware.static/-/Sites-col-master-catalog/default/dwf35f82f1/images/col/200/2005659-esquerdo.jpg?sw=280&sh=280"
                                },
                                {
                                    "marca": "Canderel",
                                    "descricao": "Tablete Chocolate Negro",
                                    "preco": "2,49€",
                                    "preco_antigo": null,
                                    "quantidade": "emb. 100 gr",
                                    "precoPorQuantidade": "24,90€/kg",
                                    "link": "https://www.continente.pt/produto/tablete-chocolate-negro-canderel-7268800.html?cgid=mercearias-chocolates-chocolates",
                                    "imagem": "https://www.continente.pt/dw/image/v2/BDVS_PRD/on/demandware.static/-/Sites-col-master-catalog/default/dw1a520872/images/col/726/7268800-frente.jpg?sw=280&sh=280"
                                },
                                {
                                    "marca": "Canderel",
                                    "descricao": "Tablete de Chocolate com Cereais e Amêndoas",
                                    "preco": "2,49€",
                                    "preco_antigo": null,
                                    "quantidade": "emb. 100 gr",
                                    "precoPorQuantidade": "24,90€/kg",
                                    "link": "https://www.continente.pt/produto/tablete-de-chocolate-com-cereais-e-amendoas-canderel-7268804.html?cgid=mercearias-chocolates-chocolates",
                                    "imagem": "https://www.continente.pt/dw/image/v2/BDVS_PRD/on/demandware.static/-/Sites-col-master-catalog/default/dwddb53418/images/col/726/7268804-frente.jpg?sw=280&sh=280"
                                },
                                {
                                    "marca": "Merci",
                                    "descricao": "Tablete de Chocolate de Leite",
                                    "preco": "2,59€",
                                    "preco_antigo": null,
                                    "quantidade": "emb. 100 gr",
                                    "precoPorQuantidade": "25,90€/kg",
                                    "link": "https://www.continente.pt/produto/tablete-de-chocolate-de-leite-merci-7003016.html?cgid=mercearias-chocolates-chocolates",
                                    "imagem": "https://www.continente.pt/dw/image/v2/BDVS_PRD/on/demandware.static/-/Sites-col-master-catalog/default/dw4f9311b5/images/col/700/7003016-frente.jpg?sw=280&sh=280"
                                },
                                {
                                    "marca": "Merci",
                                    "descricao": "Tablete de Chocolate Negro 72% Cacau",
                                    "preco": "2,59€",
                                    "preco_antigo": null,
                                    "quantidade": "emb. 100 gr",
                                    "precoPorQuantidade": "25,90€/kg",
                                    "link": "https://www.continente.pt/produto/tablete-de-chocolate-negro-72--cacau-merci-7003015.html?cgid=mercearias-chocolates-chocolates",
                                    "imagem": "https://www.continente.pt/dw/image/v2/BDVS_PRD/on/demandware.static/-/Sites-col-master-catalog/default/dw548734b6/images/col/700/7003015-frente.jpg?sw=280&sh=280"
                                },
                                {
                                    "marca": "Jubileu",
                                    "descricao": "Tablete de Chocolate Extra Noir 70% Cacau",
                                    "preco": "2,64€",
                                    "preco_antigo": null,
                                    "quantidade": "emb. 100 gr",
                                    "precoPorQuantidade": "26,40€/kg",
                                    "link": "https://www.continente.pt/produto/tablete-de-chocolate-extra-noir-70--cacau-jubileu-3877764.html?cgid=mercearias-chocolates-chocolates",
                                    "imagem": "https://www.continente.pt/dw/image/v2/BDVS_PRD/on/demandware.static/-/Sites-col-master-catalog/default/dw81308f2d/images/col/387/3877764-frente.jpg?sw=280&sh=280"
                                },
                                {
                                    "marca": "Nestlé",
                                    "descricao": "Tablete de Chocolate Negro 70% Cacau Les Recettes de L'Atelier",
                                    "preco": "2,65€",
                                    "preco_antigo": null,
                                    "quantidade": "emb. 100 gr",
                                    "precoPorQuantidade": "26,50€/kg",
                                    "link": "https://www.continente.pt/produto/tablete-de-chocolate-negro-70--cacau-les-recettes-de-latelier-nestle-6702598.html?cgid=mercearias-chocolates-chocolates",
                                    "imagem": "https://www.continente.pt/dw/image/v2/BDVS_PRD/on/demandware.static/-/Sites-col-master-catalog/default/dwaa4b1ea5/images/col/670/6702598-frente.jpg?sw=280&sh=280"
                                },
                                {
                                    "marca": "Nestlé",
                                    "descricao": "Tablete de Chocolate Negro 80% Cacau Les Recettes de L'Atelier",
                                    "preco": "2,65€",
                                    "preco_antigo": null,
                                    "quantidade": "emb. 100 gr",
                                    "precoPorQuantidade": "26,50€/kg",
                                    "link": "https://www.continente.pt/produto/tablete-de-chocolate-negro-80--cacau-les-recettes-de-latelier-nestle-6702949.html?cgid=mercearias-chocolates-chocolates",
                                    "imagem": "https://www.continente.pt/dw/image/v2/BDVS_PRD/on/demandware.static/-/Sites-col-master-catalog/default/dw7c375d78/images/col/670/6702949-frente.jpg?sw=280&sh=280"
                                },
                                {
                                    "marca": "Lindt",
                                    "descricao": "Tablete de Chocolate Negro e Amêndoas",
                                    "preco": "7,99€",
                                    "preco_antigo": null,
                                    "quantidade": "emb. 300 gr",
                                    "precoPorQuantidade": "26,63€/kg",
                                    "link": "https://www.continente.pt/produto/tablete-de-chocolate-negro-e-amendoas-lindt-7461473.html?cgid=mercearias-chocolates-chocolates",
                                    "imagem": "https://www.continente.pt/dw/image/v2/BDVS_PRD/on/demandware.static/-/Sites-col-master-catalog/default/dwa001f14a/images/col/746/7461473-frente.jpg?sw=280&sh=280"
                                },
                                {
                                    "marca": "Jubileu",
                                    "descricao": "Tablete de Chocolate Plus Noir com Pepitas de Cacau Caramelizadas",
                                    "preco": "2,69€",
                                    "preco_antigo": null,
                                    "quantidade": "emb. 100 gr",
                                    "precoPorQuantidade": "26,90€/kg",
                                    "link": "https://www.continente.pt/produto/tablete-de-chocolate-plus-noir-com-pepitas-de-cacau-caramelizadas-jubileu-4412155.html?cgid=mercearias-chocolates-chocolates",
                                    "imagem": "https://www.continente.pt/dw/image/v2/BDVS_PRD/on/demandware.static/-/Sites-col-master-catalog/default/dwbb64edd4/images/col/441/4412155-frente.jpg?sw=280&sh=280"
                                },
                                {
                                    "marca": "Cem Porcento",
                                    "descricao": "Tablete de Chocolate Negro 85% Cacau sem Glúten",
                                    "preco": "2,69€",
                                    "preco_antigo": null,
                                    "quantidade": "emb. 100 gr",
                                    "precoPorQuantidade": "26,90€/kg",
                                    "link": "https://www.continente.pt/produto/tablete-de-chocolate-negro-85--cacau-sem-gluten-cem-porcento-6148708.html?cgid=mercearias-chocolates-chocolates",
                                    "imagem": "https://www.continente.pt/dw/image/v2/BDVS_PRD/on/demandware.static/-/Sites-col-master-catalog/default/dwe8163763/images/col/614/6148708-direito.jpg?sw=280&sh=280"
                                },
                                {
                                    "marca": "Jubileu",
                                    "descricao": "Tablete de Chocolate Plus Noir 85% Cacau",
                                    "preco": "2,69€",
                                    "preco_antigo": null,
                                    "quantidade": "emb. 100 gr",
                                    "precoPorQuantidade": "26,90€/kg",
                                    "link": "https://www.continente.pt/produto/tablete-de-chocolate-plus-noir-85--cacau-jubileu-4412124.html?cgid=mercearias-chocolates-chocolates",
                                    "imagem": "https://www.continente.pt/dw/image/v2/BDVS_PRD/on/demandware.static/-/Sites-col-master-catalog/default/dw97b405c5/images/col/441/4412124-frente.jpg?sw=280&sh=280"
                                },
                                {
                                    "marca": "Lindt",
                                    "descricao": "Tablete de Chocolate de Leite Lindor Porções Individuais",
                                    "preco": "2,69€",
                                    "preco_antigo": null,
                                    "quantidade": "emb. 100 gr",
                                    "precoPorQuantidade": "26,90€/kg",
                                    "link": "https://www.continente.pt/produto/tablete-de-chocolate-de-leite-lindor-porcoes-individuais-lindt-7519504.html?cgid=mercearias-chocolates-chocolates",
                                    "imagem": "https://www.continente.pt/dw/image/v2/BDVS_PRD/on/demandware.static/-/Sites-col-master-catalog/default/dwea6f9dde/images/col/751/7519504-frente.jpg?sw=280&sh=280"
                                },
                                {
                                    "marca": "Lindt",
                                    "descricao": "Tablete de Chocolates Individuais 60% Cacau",
                                    "preco": "2,69€",
                                    "preco_antigo": null,
                                    "quantidade": "emb. 100 gr",
                                    "precoPorQuantidade": "26,90€/kg",
                                    "link": "https://www.continente.pt/produto/tablete-de-chocolates-individuais-60--cacau-lindt-7519502.html?cgid=mercearias-chocolates-chocolates",
                                    "imagem": "https://www.continente.pt/dw/image/v2/BDVS_PRD/on/demandware.static/-/Sites-col-master-catalog/default/dwfc4fe34b/images/col/751/7519502-frente.jpg?sw=280&sh=280"
                                },
                                {
                                    "marca": "Jubileu",
                                    "descricao": "Tablete de Chocolate Plus Noir com Flor de Sal",
                                    "preco": "2,69€",
                                    "preco_antigo": null,
                                    "quantidade": "emb. 100 gr",
                                    "precoPorQuantidade": "26,90€/kg",
                                    "link": "https://www.continente.pt/produto/tablete-de-chocolate-plus-noir-com-flor-de-sal-jubileu-4412121.html?cgid=mercearias-chocolates-chocolates",
                                    "imagem": "https://www.continente.pt/dw/image/v2/BDVS_PRD/on/demandware.static/-/Sites-col-master-catalog/default/dw720a135f/images/col/441/4412121-frente.jpg?sw=280&sh=280"
                                },
                                {
                                    "marca": "Regina",
                                    "descricao": "Tablete Chocolate 51%Proteínas Amêndoas e Cereais",
                                    "preco": "0,74€",
                                    "preco_antigo": null,
                                    "quantidade": "emb. 27 gr",
                                    "precoPorQuantidade": "27,41€/kg",
                                    "link": "https://www.continente.pt/produto/tablete-chocolate-51-proteinas-amendoas-e-cereais-regina-7520713.html?cgid=mercearias-chocolates-chocolates",
                                    "imagem": "https://www.continente.pt/dw/image/v2/BDVS_PRD/on/demandware.static/-/Sites-col-master-catalog/default/dw2e94adb5/images/col/752/7520713-frente.jpg?sw=280&sh=280"
                                },
                                {
                                    "marca": "Lindt",
                                    "descricao": "Tablete de Chocolate Negro com Morango Excellence",
                                    "preco": "2,79€",
                                    "preco_antigo": null,
                                    "quantidade": "emb. 100 gr",
                                    "precoPorQuantidade": "27,90€/kg",
                                    "link": "https://www.continente.pt/produto/tablete-de-chocolate-negro-com-morango-excellence-lindt-4945321.html?cgid=mercearias-chocolates-chocolates",
                                    "imagem": "https://www.continente.pt/dw/image/v2/BDVS_PRD/on/demandware.static/-/Sites-col-master-catalog/default/dwb4fdac34/images/col/494/4945321-frente.jpg?sw=280&sh=280"
                                },
                                {
                                    "marca": "Lindt",
                                    "descricao": "Tablete de Chocolate com Menta Excellence",
                                    "preco": "2,79€",
                                    "preco_antigo": null,
                                    "quantidade": "emb. 100 gr",
                                    "precoPorQuantidade": "27,90€/kg",
                                    "link": "https://www.continente.pt/produto/tablete-de-chocolate-com-menta-excellence-lindt-3851713.html?cgid=mercearias-chocolates-chocolates",
                                    "imagem": "https://www.continente.pt/dw/image/v2/BDVS_PRD/on/demandware.static/-/Sites-col-master-catalog/default/dw6bcc2ea8/images/col/385/3851713-frente.jpg?sw=280&sh=280"
                                },
                                {
                                    "marca": "Lindt",
                                    "descricao": "Tablete de Chocolate de Leite Excellence",
                                    "preco": "2,79€",
                                    "preco_antigo": null,
                                    "quantidade": "emb. 100 gr",
                                    "precoPorQuantidade": "27,90€/kg",
                                    "link": "https://www.continente.pt/produto/tablete-de-chocolate-de-leite-excellence-lindt-6836597.html?cgid=mercearias-chocolates-chocolates",
                                    "imagem": "https://www.continente.pt/dw/image/v2/BDVS_PRD/on/demandware.static/-/Sites-col-master-catalog/default/dwac412166/images/col/683/6836597-frente.jpg?sw=280&sh=280"
                                },
                                {
                                    "marca": "Lindt",
                                    "descricao": "Tablete de Chocolate Negro Excellence e Chili",
                                    "preco": "2,79€",
                                    "preco_antigo": null,
                                    "quantidade": "emb. 100 gr",
                                    "precoPorQuantidade": "27,90€/kg",
                                    "link": "https://www.continente.pt/produto/tablete-de--chocolate-negro-excellence-e-chili-lindt-5149790.html?cgid=mercearias-chocolates-chocolates",
                                    "imagem": "https://www.continente.pt/dw/image/v2/BDVS_PRD/on/demandware.static/-/Sites-col-master-catalog/default/dwd78a4799/images/col/514/5149790-frente.jpg?sw=280&sh=280"
                                },
                                {
                                    "marca": "Lindt",
                                    "descricao": "Tablete de Chocolate Negro Excellence Orange Intense",
                                    "preco": "2,79€",
                                    "preco_antigo": null,
                                    "quantidade": "emb. 100 gr",
                                    "precoPorQuantidade": "€27,90€/kg",
                                    "link": "https://www.continente.pt/produto/tablete-de-chocolate-negro-excellence-orange-intense-lindt-2953012.html?cgid=mercearias-chocolates-chocolates",
                                    "imagem": "https://www.continente.pt/dw/image/v2/BDVS_PRD/on/demandware.static/-/Sites-col-master-catalog/default/dw96338bf1/images/col/295/2953012-frente.jpg?sw=280&sh=280"
                                },
                                {
                                    "marca": "Lindt",
                                    "descricao": "Tablete de Chocolate Negro com Flor de Sal Excellence",
                                    "preco": "2,79€",
                                    "preco_antigo": null,
                                    "quantidade": "emb. 100 gr",
                                    "precoPorQuantidade": "27,90€/kg",
                                    "link": "https://www.continente.pt/produto/tablete-de-chocolate-negro-com-flor-de-sal-excellence-lindt-5190814.html?cgid=mercearias-chocolates-chocolates",
                                    "imagem": "https://www.continente.pt/dw/image/v2/BDVS_PRD/on/demandware.static/-/Sites-col-master-catalog/default/dwb5b8312c/images/col/519/5190814-frente.jpg?sw=280&sh=280"
                                },
                                {
                                    "marca": "Lindt",
                                    "descricao": "Tablete de Chocolate Excellence 85% Cacau",
                                    "preco": "2,79€",
                                    "preco_antigo": null,
                                    "quantidade": "emb. 100 gr",
                                    "precoPorQuantidade": "27,90€/kg",
                                    "link": "https://www.continente.pt/produto/tablete-de-chocolate-excellence-85--cacau-lindt-2953024.html?cgid=mercearias-chocolates-chocolates",
                                    "imagem": "https://www.continente.pt/dw/image/v2/BDVS_PRD/on/demandware.static/-/Sites-col-master-catalog/default/dw0fda2d1e/images/col/295/2953024-frente.jpg?sw=280&sh=280"
                                },
                                {
                                    "marca": "Lindt",
                                    "descricao": "Tablete de Chocolate Negro Excellence 70% Cacau",
                                    "preco": "2,79€",
                                    "preco_antigo": null,
                                    "quantidade": "emb. 100 gr",
                                    "precoPorQuantidade": "27,90€/kg",
                                    "link": "https://www.continente.pt/produto/tablete-de-chocolate-negro-excellence-70--cacau-lindt-2359991.html?cgid=mercearias-chocolates-chocolates",
                                    "imagem": "https://www.continente.pt/dw/image/v2/BDVS_PRD/on/demandware.static/-/Sites-col-master-catalog/default/dw9f2ee500/images/col/235/2359991-frente.jpg?sw=280&sh=280"
                                },
                                {
                                    "marca": "Lindt",
                                    "descricao": "Tablete Excellence Mel e Amêndoas",
                                    "preco": "2,79€",
                                    "preco_antigo": null,
                                    "quantidade": "emb. 100 gr",
                                    "precoPorQuantidade": "27,90€/kg",
                                    "link": "https://www.continente.pt/produto/tablete-excellence-mel-e-amendoas-lindt-7416423.html?cgid=mercearias-chocolates-chocolates",
                                    "imagem": "https://www.continente.pt/dw/image/v2/BDVS_PRD/on/demandware.static/-/Sites-col-master-catalog/default/dw15dc9974/images/col/741/7416423-frente.jpg?sw=280&sh=280"
                                },
                                {
                                    "marca": "Ferrero Rocher",
                                    "descricao": "Tablete de Chocolate Negro e Avelãs",
                                    "preco": "2,59€",
                                    "preco_antigo": null,
                                    "quantidade": "emb. 90 gr",
                                    "precoPorQuantidade": "28,78€/kg",
                                    "link": "https://www.continente.pt/produto/tablete-de-chocolate-negro-e-avelas-ferrero-rocher-7522660.html?cgid=mercearias-chocolates-chocolates",
                                    "imagem": "https://www.continente.pt/dw/image/v2/BDVS_PRD/on/demandware.static/-/Sites-col-master-catalog/default/dw5fb5c6b6/images/col/752/7522660-frente.jpg?sw=280&sh=280"
                                },
                                {
                                    "marca": "Ferrero",
                                    "descricao": "Tablete Chocolate Branco Raffaello",
                                    "preco": "2,59€",
                                    "preco_antigo": null,
                                    "quantidade": "emb. 90 gr",
                                    "precoPorQuantidade": "28,78€/kg",
                                    "link": "https://www.continente.pt/produto/tablete-chocolate-branco-raffaello-ferrero-7522657.html?cgid=mercearias-chocolates-chocolates",
                                    "imagem": "https://www.continente.pt/dw/image/v2/BDVS_PRD/on/demandware.static/-/Sites-col-master-catalog/default/dw26295db4/images/col/752/7522657-frente.jpg?sw=280&sh=280"
                                },
                                {
                                    "marca": "Ferrero Rocher",
                                    "descricao": "Tablete de Chocolate e Avelã",
                                    "preco": "2,59€",
                                    "preco_antigo": null,
                                    "quantidade": "emb. 90 gr",
                                    "precoPorQuantidade": "28,78€/kg",
                                    "link": "https://www.continente.pt/produto/tablete-de-chocolate-e-avela-ferrero-rocher-7522662.html?cgid=mercearias-chocolates-chocolates",
                                    "imagem": "https://www.continente.pt/dw/image/v2/BDVS_PRD/on/demandware.static/-/Sites-col-master-catalog/default/dw57432609/images/col/752/7522662-frente.jpg?sw=280&sh=280"
                                },
                                {
                                    "marca": "Cem Porcento",
                                    "descricao": "Tablete de Chocolate Negro 70% Cacau sem Glúten",
                                    "preco": "2,89€",
                                    "preco_antigo": null,
                                    "quantidade": "emb. 100 gr",
                                    "precoPorQuantidade": "28,90€/kg",
                                    "link": "https://www.continente.pt/produto/tablete-de-chocolate-negro-70--cacau-sem-gluten-cem-porcento-6909072.html?cgid=mercearias-chocolates-chocolates",
                                    "imagem": "https://www.continente.pt/dw/image/v2/BDVS_PRD/on/demandware.static/-/Sites-col-master-catalog/default/dw9c118591/images/col/690/6909072-direito.jpg?sw=280&sh=280"
                                },
                                {
                                    "marca": "Cem Porcento",
                                    "descricao": "Tablete de Chocolate Negro 90% Cacau Biológico",
                                    "preco": "2,99€",
                                    "preco_antigo": null,
                                    "quantidade": "emb. 100 gr",
                                    "precoPorQuantidade": "29,90€/kg",
                                    "link": "https://www.continente.pt/produto/tablete-de-chocolate-negro-90--cacau-biologico-cem-porcento-6686860.html?cgid=mercearias-chocolates-chocolates",
                                    "imagem": "https://www.continente.pt/dw/image/v2/BDVS_PRD/on/demandware.static/-/Sites-col-master-catalog/default/dw359dd8fe/images/col/668/6686860-direito.jpg?sw=280&sh=280"
                                },
                                {
                                    "marca": "Côte D'Or",
                                    "descricao": "Tablete de Chocolate Negro 70% Cacau Biológico",
                                    "preco": "2,79€",
                                    "preco_antigo": null,
                                    "quantidade": "emb. 90 gr",
                                    "precoPorQuantidade": "31,00€/kg",
                                    "link": "https://www.continente.pt/produto/tablete-de-chocolate-negro-70--cacau-biologico-cote-dor-6786166.html?cgid=mercearias-chocolates-chocolates",
                                    "imagem": "https://www.continente.pt/dw/image/v2/BDVS_PRD/on/demandware.static/-/Sites-col-master-catalog/default/dwcb95ff0f/images/col/678/6786166-frente.jpg?sw=280&sh=280"
                                },
                                {
                                    "marca": "Côte D'Or",
                                    "descricao": "Tablete de Chocolate Negro Sal Marinho Biológico",
                                    "preco": "2,79€",
                                    "preco_antigo": null,
                                    "quantidade": "emb. 90 gr",
                                    "precoPorQuantidade": "31,00€/kg",
                                    "link": "https://www.continente.pt/produto/tablete-de-chocolate-negro-sal-marinho-biologico-cote-dor-6786392.html?cgid=mercearias-chocolates-chocolates",
                                    "imagem": "https://www.continente.pt/dw/image/v2/BDVS_PRD/on/demandware.static/-/Sites-col-master-catalog/default/dwb155d54b/images/col/678/6786392-frente.jpg?sw=280&sh=280"
                                },
                                {
                                    "marca": "Lindt",
                                    "descricao": "Tablete de Chocolate Framboesa e Avelã Excellence 70% Cacau",
                                    "preco": "3,39€",
                                    "preco_antigo": null,
                                    "quantidade": "emb. 100 gr",
                                    "precoPorQuantidade": "33,90€/kg",
                                    "link": "https://www.continente.pt/produto/tablete-de-chocolate-framboesa-e-avela-excellence-70--cacau-lindt-7003018.html?cgid=mercearias-chocolates-chocolates",
                                    "imagem": "https://www.continente.pt/dw/image/v2/BDVS_PRD/on/demandware.static/-/Sites-col-master-catalog/default/dwc6ab5aee/images/col/700/7003018-frente.jpg?sw=280&sh=280"
                                },
                                {
                                    "marca": "Lindt",
                                    "descricao": "Tablete de Chocolate Negro Excellence 90% Cacau",
                                    "preco": "3,39€",
                                    "preco_antigo": null,
                                    "quantidade": "emb. 100 gr",
                                    "precoPorQuantidade": "33,90€/kg",
                                    "link": "https://www.continente.pt/produto/tablete-de-chocolate-negro-excellence-90--cacau-lindt-7252430.html?cgid=mercearias-chocolates-chocolates",
                                    "imagem": "https://www.continente.pt/dw/image/v2/BDVS_PRD/on/demandware.static/-/Sites-col-master-catalog/default/dw9247f326/images/col/725/7252430-frente.jpg?sw=280&sh=280"
                                },
                                {
                                    "marca": "Lindt",
                                    "descricao": "Tablete de Chocolate com Laranja e Amêndoa Excellence 70% Cacau",
                                    "preco": "3,39€",
                                    "preco_antigo": null,
                                    "quantidade": "emb. 100 gr",
                                    "precoPorQuantidade": "33,90€/kg",
                                    "link": "https://www.continente.pt/produto/tablete-de-chocolate-com-laranja-e-amendoa-excellence-70--cacau-lindt-7003017.html?cgid=mercearias-chocolates-chocolates",
                                    "imagem": "https://www.continente.pt/dw/image/v2/BDVS_PRD/on/demandware.static/-/Sites-col-master-catalog/default/dw778920f1/images/col/700/7003017-frente.jpg?sw=280&sh=280"
                                },
                                {
                                    "marca": "Vivani",
                                    "descricao": "Tablete de Chocolate 92% Cacau com Açúcar de Coco Biológico",
                                    "preco": "3,09€",
                                    "preco_antigo": null,
                                    "quantidade": "emb. 80 gr",
                                    "precoPorQuantidade": "38,63€/kg",
                                    "link": "https://www.continente.pt/produto/tablete-de-chocolate-92--cacau-com-acucar-de-coco-biologico-vivani-5884950.html?cgid=mercearias-chocolates-chocolates",
                                    "imagem": "https://www.continente.pt/dw/image/v2/BDVS_PRD/on/demandware.static/-/Sites-col-master-catalog/default/dw3de47d69/images/col/588/5884950-frente.jpg?sw=280&sh=280"
                                },
                                {
                                    "marca": "Well & Truly",
                                    "descricao": "Tablete Chocolate Leite de Aveia Vegan",
                                    "preco": "3,49€",
                                    "preco_antigo": null,
                                    "quantidade": "emb. 90 gr",
                                    "precoPorQuantidade": "38,78€/kg",
                                    "link": "https://www.continente.pt/produto/tablete-chocolate-leite-de-aveia-vegan-well-truly-7578194.html?cgid=mercearias-chocolates-chocolates",
                                    "imagem": "https://www.continente.pt/dw/image/v2/BDVS_PRD/on/demandware.static/-/Sites-col-master-catalog/default/dw3de23d1d/images/col/757/7578194-frente.jpg?sw=280&sh=280"
                                },
                                {
                                    "marca": "Well & Truly",
                                    "descricao": "Tablete Chocolate Leite com Avelãs e Caramelo Vegan",
                                    "preco": "3,49€",
                                    "preco_antigo": null,
                                    "quantidade": "emb. 90 gr",
                                    "precoPorQuantidade": "38,78€/kg",
                                    "link": "https://www.continente.pt/produto/tablete-chocolate-leite-com-avelas-e-caramelo-vegan-well-truly-7578173.html?cgid=mercearias-chocolates-chocolates",
                                    "imagem": "https://www.continente.pt/dw/image/v2/BDVS_PRD/on/demandware.static/-/Sites-col-master-catalog/default/dwaad16274/images/col/757/7578173-frente.jpg?sw=280&sh=280"
                                },
                                {
                                    "marca": "Well & Truly",
                                    "descricao": "Tablete Chocolate Leite com Caramelo Salgado Vegan",
                                    "preco": "3,49€",
                                    "preco_antigo": null,
                                    "quantidade": "emb. 70 gr",
                                    "precoPorQuantidade": "38,78€/kg",
                                    "link": "https://www.continente.pt/produto/tablete-chocolate-leite-com-caramelo-salgado-vegan-well-truly-7578192.html?cgid=mercearias-chocolates-chocolates",
                                    "imagem": "https://www.continente.pt/dw/image/v2/BDVS_PRD/on/demandware.static/-/Sites-col-master-catalog/default/dwe53c15b2/images/col/757/7578192-frente.jpg?sw=280&sh=280"
                                },
                                {
                                    "marca": "Well & Truly",
                                    "descricao": "Tablete Chocolate com Grãos de Cacau Vegan",
                                    "preco": "3,49€",
                                    "preco_antigo": null,
                                    "quantidade": "emb. 90 gr",
                                    "precoPorQuantidade": "38,78€/kg",
                                    "link": "https://www.continente.pt/produto/tablete-chocolate-com-graos-de-cacau-vegan-well-truly-7578146.html?cgid=mercearias-chocolates-chocolates",
                                    "imagem": "https://www.continente.pt/dw/image/v2/BDVS_PRD/on/demandware.static/-/Sites-col-master-catalog/default/dw23945968/images/col/757/7578146-frente.jpg?sw=280&sh=280"
                                },
                                {
                                    "marca": "Lacasa",
                                    "descricao": "Tablete de Chocolate 70% Cacau",
                                    "preco": "0,99€",
                                    "preco_antigo": null,
                                    "quantidade": "emb. 25 gr",
                                    "precoPorQuantidade": "39,60€/kg",
                                    "link": "https://www.continente.pt/produto/tablete-de-chocolate-70--cacau-lacasa-7120342.html?cgid=mercearias-chocolates-chocolates",
                                    "imagem": "https://www.continente.pt/dw/image/v2/BDVS_PRD/on/demandware.static/-/Sites-col-master-catalog/default/dw3630ab02/images/col/712/7120342-frente.jpg?sw=280&sh=280"
                                },
                                {
                                    "marca": "Lindt",
                                    "descricao": "Tablete de Chocolate Negro Excellence 99% Cacau",
                                    "preco": "3,59€",
                                    "preco_antigo": null,
                                    "quantidade": "emb. 50 gr",
                                    "precoPorQuantidade": "71,80€/kg",
                                    "link": "https://www.continente.pt/produto/tablete-de-chocolate-negro-excellence-99--cacau-lindt-5149759.html?cgid=mercearias-chocolates-chocolates",
                                    "imagem": "https://www.continente.pt/dw/image/v2/BDVS_PRD/on/demandware.static/-/Sites-col-master-catalog/default/dw0739d9f9/images/col/514/5149759-frente.jpg?sw=280&sh=280"
                                }
                            ]
                        },
                        {
                            "name": "Bombons",
                            "items": [
                                {
                                    "marca": "Bem Me Quer",
                                    "descricao": "Bombons de Chocolate e Avelã",
                                    "preco": "1,99€",
                                    "preco_antigo": null,
                                    "quantidade": "emb. 180 gr",
                                    "precoPorQuantidade": "11,06€/kg",
                                    "link": "https://www.continente.pt/produto/bombons-de-chocolate-e-avela-bem-me-quer-7447021.html?cgid=mercearias-chocolates-bombons",
                                    "imagem": "https://www.continente.pt/dw/image/v2/BDVS_PRD/on/demandware.static/-/Sites-col-master-catalog/default/dw0cb8c46e/images/col/744/7447021-frente.jpg?sw=280&sh=280"
                                },
                                {
                                    "marca": "After Eight",
                                    "descricao": "Bombons de Chocolate com Menta",
                                    "preco": "5,69€",
                                    "preco_antigo": null,
                                    "quantidade": "emb. 400 gr",
                                    "precoPorQuantidade": "14,23€/kg",
                                    "link": "https://www.continente.pt/produto/bombons-de-chocolate-com-menta-after-eight-4123572.html?cgid=mercearias-chocolates-bombons",
                                    "imagem": "https://www.continente.pt/dw/image/v2/BDVS_PRD/on/demandware.static/-/Sites-col-master-catalog/default/dw2d578114/images/col/412/4123572-hero.jpg?sw=280&sh=280"
                                },
                                {
                                    "marca": "After Eight",
                                    "descricao": "Bombons de Chocolate com Menta",
                                    "preco": "2,99€",
                                    "preco_antigo": null,
                                    "quantidade": "emb. 200 gr",
                                    "precoPorQuantidade": "14,95€/kg",
                                    "link": "https://www.continente.pt/produto/bombons-de-chocolate-com-menta-after-eight-2005318.html?cgid=mercearias-chocolates-bombons",
                                    "imagem": "https://www.continente.pt/dw/image/v2/BDVS_PRD/on/demandware.static/-/Sites-col-master-catalog/default/dw3679d086/images/col/200/2005318-hero.jpg?sw=280&sh=280"
                                },
                                {
                                    "marca": "After Eight",
                                    "descricao": "Bombons de Chocolate Negro com Menta e Laranja",
                                    "preco": "3,65€",
                                    "preco_antigo": null,
                                    "quantidade": "emb. 200 gr",
                                    "precoPorQuantidade": "18,25€/kg",
                                    "link": "https://www.continente.pt/produto/bombons-de-chocolate-negro-com-menta-e-laranja-after-eight-7003012.html?cgid=mercearias-chocolates-bombons",
                                    "imagem": "https://www.continente.pt/dw/image/v2/BDVS_PRD/on/demandware.static/-/Sites-col-master-catalog/default/dwa7caa81d/images/col/700/7003012-hero.jpg?sw=280&sh=280"
                                },
                                {
                                    "marca": "Toffiffe",
                                    "descricao": "Bombons de Chocolate de Caramelo com Chocolate e Avelã",
                                    "preco": "2,89€",
                                    "preco_antigo": null,
                                    "quantidade": "emb. 125 gr",
                                    "precoPorQuantidade": "23,12€/kg",
                                    "link": "https://www.continente.pt/produto/bombons-de-chocolate-de-caramelo-com-chocolate-e-avela-toffiffe-2005665.html?cgid=mercearias-chocolates-bombons",
                                    "imagem": "https://www.continente.pt/dw/image/v2/BDVS_PRD/on/demandware.static/-/Sites-col-master-catalog/default/dw1a9317d2/images/col/200/2005665-direito.jpg?sw=280&sh=280"
                                },
                                {
                                    "marca": "Côte D'Or",
                                    "descricao": "Bombons de Chocolate Mignonnette Chocolate Negro",
                                    "preco": "5,99€",
                                    "preco_antigo": null,
                                    "quantidade": "emb. 240 gr",
                                    "precoPorQuantidade": "24,96€/kg",
                                    "link": "https://www.continente.pt/produto/bombons-de-chocolate-mignonnette-chocolate-negro-cote-dor-3666659.html?cgid=mercearias-chocolates-bombons",
                                    "imagem": "https://www.continente.pt/dw/image/v2/BDVS_PRD/on/demandware.static/-/Sites-col-master-catalog/default/dw45917b8d/images/col/366/3666659-direito.jpg?sw=280&sh=280"
                                },
                                {
                                    "marca": "Côte D'Or",
                                    "descricao": "Bombons de Chocolate Mignonette Chocolate de Leite",
                                    "preco": "5,99€",
                                    "preco_antigo": null,
                                    "quantidade": "emb. 240 gr",
                                    "precoPorQuantidade": "24,96€/kg",
                                    "link": "https://www.continente.pt/produto/bombons-de-chocolate-mignonette-chocolate-de-leite-cote-dor-3666673.html?cgid=mercearias-chocolates-bombons",
                                    "imagem": "https://www.continente.pt/dw/image/v2/BDVS_PRD/on/demandware.static/-/Sites-col-master-catalog/default/dw3207a502/images/col/366/3666673-direito.jpg?sw=280&sh=280"
                                },
                                {
                                    "marca": "Ferrero",
                                    "descricao": "Bombons de Chocolate Raffaello",
                                    "preco": "3,99€",
                                    "preco_antigo": null,
                                    "quantidade": "emb. 150 gr",
                                    "precoPorQuantidade": "26,60€/kg",
                                    "link": "https://www.continente.pt/produto/bombons-de-chocolate-raffaello-ferrero-2627762.html?cgid=mercearias-chocolates-bombons",
                                    "imagem": "https://www.continente.pt/dw/image/v2/BDVS_PRD/on/demandware.static/-/Sites-col-master-catalog/default/dwb824767c/images/col/262/2627762-cima.jpg?sw=280&sh=280"
                                },
                                {
                                    "marca": "Merci",
                                    "descricao": "Bombons de Chocolate",
                                    "preco": "7,29€",
                                    "preco_antigo": null,
                                    "quantidade": "emb. 250 gr",
                                    "precoPorQuantidade": "29,16€/kg",
                                    "link": "https://www.continente.pt/produto/bombons-de-chocolate-merci-2843289.html?cgid=mercearias-chocolates-bombons",
                                    "imagem": "https://www.continente.pt/dw/image/v2/BDVS_PRD/on/demandware.static/-/Sites-col-master-catalog/default/dw4510f884/images/col/284/2843289-frente.jpg?sw=280&sh=280"
                                },
                                {
                                    "marca": "Milka",
                                    "descricao": "Snack de Chocolate Moments Toffee Wholenut",
                                    "preco": "3,19€",
                                    "preco_antigo": null,
                                    "quantidade": "emb. 97 gr",
                                    "precoPorQuantidade": "32,89€/kg",
                                    "link": "https://www.continente.pt/produto/snack-de-chocolate-moments-toffee-wholenut-milka-6967770.html?cgid=mercearias-chocolates-bombons",
                                    "imagem": "https://www.continente.pt/dw/image/v2/BDVS_PRD/on/demandware.static/-/Sites-col-master-catalog/default/dwebb5b66e/images/col/696/6967770-frente.jpg?sw=280&sh=280"
                                },
                                {
                                    "marca": "Milka",
                                    "descricao": "Snack de Chocolate Moments Mix",
                                    "preco": "3,19€",
                                    "preco_antigo": null,
                                    "quantidade": "emb. 97 gr",
                                    "precoPorQuantidade": "32,89€/kg",
                                    "link": "https://www.continente.pt/produto/snack-de-chocolate-moments-mix-milka-6967783.html?cgid=mercearias-chocolates-bombons",
                                    "imagem": "https://www.continente.pt/dw/image/v2/BDVS_PRD/on/demandware.static/-/Sites-col-master-catalog/default/dw85889cd2/images/col/696/6967783-frente.jpg?sw=280&sh=280"
                                },
                                {
                                    "marca": "Milka",
                                    "descricao": "Snack de Chocolate Moments Oreo",
                                    "preco": "3,19€",
                                    "preco_antigo": null,
                                    "quantidade": "emb. 92 gr",
                                    "precoPorQuantidade": "34,67€/kg",
                                    "link": "https://www.continente.pt/produto/snack-de-chocolate-moments-oreo-milka-6967775.html?cgid=mercearias-chocolates-bombons",
                                    "imagem": "https://www.continente.pt/dw/image/v2/BDVS_PRD/on/demandware.static/-/Sites-col-master-catalog/default/dw06b67953/images/col/696/6967775-frente.jpg?sw=280&sh=280"
                                },
                                {
                                    "marca": "Milka",
                                    "descricao": "Bombons de Chocolate Praliné",
                                    "preco": "4,59€",
                                    "preco_antigo": null,
                                    "quantidade": "emb. 110 gr",
                                    "precoPorQuantidade": "41,73€/kg",
                                    "link": "https://www.continente.pt/produto/bombons-de-chocolate-praline-milka-5147022.html?cgid=mercearias-chocolates-bombons",
                                    "imagem": "https://www.continente.pt/dw/image/v2/BDVS_PRD/on/demandware.static/-/Sites-col-master-catalog/default/dw3b5d1a03/images/col/514/5147022-frente.jpg?sw=280&sh=280"
                                },
                                {
                                    "marca": "Raffaello",
                                    "descricao": "Bombons de Coco com recheio de coco e amêndoa",
                                    "preco": "1,39€",
                                    "preco_antigo": null,
                                    "quantidade": "emb. 33 gr",
                                    "precoPorQuantidade": "42,12€/kg",
                                    "link": "https://www.continente.pt/produto/bombons-de-coco-com-recheio-de-coco-e-amendoa-raffaello-7613824.html?cgid=mercearias-chocolates-bombons",
                                    "imagem": "https://www.continente.pt/dw/image/v2/BDVS_PRD/on/demandware.static/-/Sites-col-master-catalog/default/dw224f29b3/images/col/761/7613824-esquerdo.jpg?sw=280&sh=280"
                                },
                                {
                                    "marca": "Nestlé",
                                    "descricao": "Bombons de Chocolate Caja Roja",
                                    "preco": "4,29€",
                                    "preco_antigo": null,
                                    "quantidade": "emb. 100 gr",
                                    "precoPorQuantidade": "42,90€/kg",
                                    "link": "https://www.continente.pt/produto/bombons-de-chocolate-caja-roja-nestle-5381994.html?cgid=mercearias-chocolates-bombons",
                                    "imagem": "https://www.continente.pt/dw/image/v2/BDVS_PRD/on/demandware.static/-/Sites-col-master-catalog/default/dwefda7b44/images/col/538/5381994-hero.jpg?sw=280&sh=280"
                                },
                                {
                                    "marca": "Baci",
                                    "descricao": "Bombons de Chocolate com Avelã sem Glúten",
                                    "preco": "8,39€",
                                    "preco_antigo": null,
                                    "quantidade": "emb. 175 gr",
                                    "precoPorQuantidade": "47,94€/kg",
                                    "link": "https://www.continente.pt/produto/bombons-de-chocolate-com-avela-sem-gluten-baci-6985291.html?cgid=mercearias-chocolates-bombons",
                                    "imagem": "https://www.continente.pt/dw/image/v2/BDVS_PRD/on/demandware.static/-/Sites-col-master-catalog/default/dwf4c18436/images/col/698/6985291-esquerdo.jpg?sw=280&sh=280"
                                }
                            ]
                        },
                        {
                            "name": "Snacks de Chocolate",
                            "items": [
                                {
                                    "marca": "Nestlé",
                                    "descricao": "Snack de Chocolate Extrafino",
                                    "preco": "1,39€",
                                    "preco_antigo": null,
                                    "quantidade": "emb. 6 x 18 gr",
                                    "precoPorQuantidade": "1,39€/un",
                                    "link": "https://www.continente.pt/produto/snack-de-chocolate-extrafino-nestle-7625772.html?cgid=mercearias-chocolates-snacks",
                                    "imagem": "https://www.continente.pt/dw/image/v2/BDVS_PRD/on/demandware.static/-/Sites-col-master-catalog/default/dwfcf9c88f/images/col/762/7625772-frente.jpg?sw=280&sh=280"
                                },
                                {
                                    "marca": "Continente",
                                    "descricao": "Snack de Chocolate e Caramelo Nougat",
                                    "preco": "1,99€",
                                    "preco_antigo": null,
                                    "quantidade": "emb. 400 gr",
                                    "precoPorQuantidade": "4,98€/kg",
                                    "link": "https://www.continente.pt/produto/snack-de-chocolate-e-caramelo-nougat-continente-6653072.html?cgid=mercearias-chocolates-snacks",
                                    "imagem": "https://www.continente.pt/dw/image/v2/BDVS_PRD/on/demandware.static/-/Sites-col-master-catalog/default/dw9c85002d/images/col/665/6653072-frente.jpg?sw=280&sh=280"
                                },
                                {
                                    "marca": "Continente",
                                    "descricao": "Snack de Chocolate com Caramelo",
                                    "preco": "2,09€",
                                    "preco_antigo": null,
                                    "quantidade": "emb. 400 gr",
                                    "precoPorQuantidade": "5,23€/kg",
                                    "link": "https://www.continente.pt/produto/snack-de-chocolate-com-caramelo-continente-4532139.html?cgid=mercearias-chocolates-snacks",
                                    "imagem": "https://www.continente.pt/dw/image/v2/BDVS_PRD/on/demandware.static/-/Sites-col-master-catalog/default/dw618e4658/images/col/453/4532139-frente.jpg?sw=280&sh=280"
                                },
                                {
                                    "marca": "Continente",
                                    "descricao": "Snack de Chocolate com Amendoim",
                                    "preco": "2,09€",
                                    "preco_antigo": null,
                                    "quantidade": "emb. 400 gr",
                                    "precoPorQuantidade": "5,23€/kg",
                                    "link": "https://www.continente.pt/produto/snack-de-chocolate-com-amendoim-continente-4532113.html?cgid=mercearias-chocolates-snacks",
                                    "imagem": "https://www.continente.pt/dw/image/v2/BDVS_PRD/on/demandware.static/-/Sites-col-master-catalog/default/dwd63b7f67/images/col/453/4532113-frente.jpg?sw=280&sh=280"
                                },
                                {
                                    "marca": "Continente",
                                    "descricao": "Drageias de Amendoim com Cobertura de Chocolate",
                                    "preco": "1,69€",
                                    "preco_antigo": null,
                                    "quantidade": "emb. 250 gr",
                                    "precoPorQuantidade": "6,76€/kg",
                                    "link": "https://www.continente.pt/produto/drageias-de-amendoim-com-cobertura-de-chocolate-continente-4326891.html?cgid=mercearias-chocolates-snacks",
                                    "imagem": "https://www.continente.pt/dw/image/v2/BDVS_PRD/on/demandware.static/-/Sites-col-master-catalog/default/dwb1ddf2bd/images/col/432/4326891-frente.jpg?sw=280&sh=280"
                                },
                                {
                                    "marca": "Continente",
                                    "descricao": "Drageias de Chocolate de Leite",
                                    "preco": "1,49€",
                                    "preco_antigo": null,
                                    "quantidade": "emb. 200 gr",
                                    "precoPorQuantidade": "7,45€/kg",
                                    "link": "https://www.continente.pt/produto/drageias-de-chocolate-de-leite-continente-6068530.html?cgid=mercearias-chocolates-snacks",
                                    "imagem": "https://www.continente.pt/dw/image/v2/BDVS_PRD/on/demandware.static/-/Sites-col-master-catalog/default/dw43d37246/images/col/606/6068530-cima.jpg?sw=280&sh=280"
                                },
                                {
                                    "marca": "Continente",
                                    "descricao": "Snack de Chocolate de Leite",
                                    "preco": "1,59€",
                                    "preco_antigo": null,
                                    "quantidade": "emb. 200 gr",
                                    "precoPorQuantidade": "7,95€/kg",
                                    "link": "https://www.continente.pt/produto/snack-de-chocolate-de-leite-continente-4140072.html?cgid=mercearias-chocolates-snacks",
                                    "imagem": "https://www.continente.pt/dw/image/v2/BDVS_PRD/on/demandware.static/-/Sites-col-master-catalog/default/dwc47b5115/images/col/414/4140072-frente.jpg?sw=280&sh=280"
                                },
                                {
                                    "marca": "Continente",
                                    "descricao": "Snack de Chocolate Wafer Minis",
                                    "preco": "2,39€",
                                    "preco_antigo": null,
                                    "quantidade": "emb. 300 gr",
                                    "precoPorQuantidade": "7,97€/kg",
                                    "link": "https://www.continente.pt/produto/snack-de-chocolate-wafer-minis-continente-6554913.html?cgid=mercearias-chocolates-snacks",
                                    "imagem": "https://www.continente.pt/dw/image/v2/BDVS_PRD/on/demandware.static/-/Sites-col-master-catalog/default/dw0b0c3f32/images/col/655/6554913-frente.jpg?sw=280&sh=280"
                                },
                                {
                                    "marca": "Continente",
                                    "descricao": "Drageias de Chocolate Pop Balls",
                                    "preco": "1,69€",
                                    "preco_antigo": null,
                                    "quantidade": "emb. 175 gr",
                                    "precoPorQuantidade": "9,66€/kg",
                                    "link": "https://www.continente.pt/produto/drageias-de-chocolate-pop-balls-continente-4326920.html?cgid=mercearias-chocolates-snacks",
                                    "imagem": "https://www.continente.pt/dw/image/v2/BDVS_PRD/on/demandware.static/-/Sites-col-master-catalog/default/dwf3ecd97d/images/col/432/4326920-frente.jpg?sw=280&sh=280"
                                },
                                {
                                    "marca": "Kellogg's",
                                    "descricao": "Snax Krave Chocolate e Avelã",
                                    "preco": "1,29€",
                                    "preco_antigo": null,
                                    "quantidade": "emb. 120 gr",
                                    "precoPorQuantidade": "10,75€/kg",
                                    "link": "https://www.continente.pt/produto/snax-krave-chocolate-e-avela-kelloggs-7388366.html?cgid=mercearias-chocolates-snacks",
                                    "imagem": "https://www.continente.pt/dw/image/v2/BDVS_PRD/on/demandware.static/-/Sites-col-master-catalog/default/dwacce4807/images/col/738/7388366-frente.jpg?sw=280&sh=280"
                                },
                                {
                                    "marca": "M&M's",
                                    "descricao": "Drageias de Chocolate",
                                    "preco": "4,49€",
                                    "preco_antigo": null,
                                    "quantidade": "emb. 400 gr",
                                    "precoPorQuantidade": "11,23€/kg",
                                    "link": "https://www.continente.pt/produto/drageias-de-chocolate-m-ms-2501783.html?cgid=mercearias-chocolates-snacks",
                                    "imagem": "https://www.continente.pt/dw/image/v2/BDVS_PRD/on/demandware.static/-/Sites-col-master-catalog/default/dw541ba9d9/images/col/250/2501783-frente.jpg?sw=280&sh=280"
                                },
                                {
                                    "marca": "M&M's",
                                    "descricao": "Drageias de Chocolate com Amendoim",
                                    "preco": "4,49€",
                                    "preco_antigo": null,
                                    "quantidade": "emb. 400 gr",
                                    "precoPorQuantidade": "11,23€/kg",
                                    "link": "https://www.continente.pt/produto/drageias-de-chocolate-com-amendoim-m-ms-2501782.html?cgid=mercearias-chocolates-snacks",
                                    "imagem": "https://www.continente.pt/dw/image/v2/BDVS_PRD/on/demandware.static/-/Sites-col-master-catalog/default/dw42d1ff95/images/col/250/2501782-frente.jpg?sw=280&sh=280"
                                },
                                {
                                    "marca": "Continente",
                                    "descricao": "Beijinhos de Chocolate Recheados com Morango",
                                    "preco": "1,14€",
                                    "preco_antigo": null,
                                    "quantidade": "emb. 100 gr",
                                    "precoPorQuantidade": "11,40€/kg",
                                    "link": "https://www.continente.pt/produto/beijinhos-de-chocolate-recheados-com-morango-continente-3898798.html?cgid=mercearias-chocolates-snacks",
                                    "imagem": "https://www.continente.pt/dw/image/v2/BDVS_PRD/on/demandware.static/-/Sites-col-master-catalog/default/dwd4bc0f56/images/col/389/3898798-frente.jpg?sw=280&sh=280"
                                },
                                {
                                    "marca": "Continente",
                                    "descricao": "Beijinhos de Chocolate Recheados com Baunilha",
                                    "preco": "1,14€",
                                    "preco_antigo": null,
                                    "quantidade": "emb. 100 gr",
                                    "precoPorQuantidade": "11,40€/kg",
                                    "link": "https://www.continente.pt/produto/beijinhos-de-chocolate-recheados-com-baunilha-continente-3898793.html?cgid=mercearias-chocolates-snacks",
                                    "imagem": "https://www.continente.pt/dw/image/v2/BDVS_PRD/on/demandware.static/-/Sites-col-master-catalog/default/dw4fde02c7/images/col/389/3898793-esquerdo.jpg?sw=280&sh=280"
                                },
                                {
                                    "marca": "Snickers",
                                    "descricao": "Snack de Chocolate com Amendoim e Caramelo 99 Kcal",
                                    "preco": "2,99€",
                                    "preco_antigo": null,
                                    "quantidade": "emb. 260 gr",
                                    "precoPorQuantidade": "11,50€/kg",
                                    "link": "https://www.continente.pt/produto/snack-de-chocolate-com-amendoim-e-caramelo-99-kcal-snickers-7400212.html?cgid=mercearias-chocolates-snacks",
                                    "imagem": "https://www.continente.pt/dw/image/v2/BDVS_PRD/on/demandware.static/-/Sites-col-master-catalog/default/dwdd19ef5c/images/col/740/7400212-direito.JPG?sw=280&sh=280"
                                },
                                {
                                    "marca": "Snickers",
                                    "descricao": "Snack de Chocolate com Amendoim e Caramelo",
                                    "preco": "1,79€",
                                    "preco_antigo": null,
                                    "quantidade": "emb. 3 x 50 gr",
                                    "precoPorQuantidade": "11,93€/kg",
                                    "link": "https://www.continente.pt/produto/snack-de-chocolate-com-amendoim-e-caramelo-snickers-5072561.html?cgid=mercearias-chocolates-snacks",
                                    "imagem": "https://www.continente.pt/dw/image/v2/BDVS_PRD/on/demandware.static/-/Sites-col-master-catalog/default/dw3d3be225/images/col/507/5072561-frente.jpg?sw=280&sh=280"
                                },
                                {
                                    "marca": "Smarties",
                                    "descricao": "Drageias de Chocolate de Leite Mini",
                                    "preco": "2,24€",
                                    "preco_antigo": null,
                                    "quantidade": "emb. 187 gr",
                                    "precoPorQuantidade": "11,98€/kg",
                                    "link": "https://www.continente.pt/produto/drageias-de-chocolate-de-leite-mini-smarties-7355941.html?cgid=mercearias-chocolates-snacks",
                                    "imagem": "https://www.continente.pt/dw/image/v2/BDVS_PRD/on/demandware.static/-/Sites-col-master-catalog/default/dwb4529adb/images/col/735/7355941-frente.jpg?sw=280&sh=280"
                                },
                                {
                                    "marca": "Kit Kat",
                                    "descricao": "Snack de Chocolate de Leite Kit Kat",
                                    "preco": "2,24€",
                                    "preco_antigo": null,
                                    "quantidade": "emb. 9 x 20,7 gr",
                                    "precoPorQuantidade": "12,04€/kg",
                                    "link": "https://www.continente.pt/produto/snack-de-chocolate-de-leite-kit-kat-kit-kat-7457392.html?cgid=mercearias-chocolates-snacks",
                                    "imagem": "https://www.continente.pt/dw/image/v2/BDVS_PRD/on/demandware.static/-/Sites-col-master-catalog/default/dwfd2de174/images/col/745/7457392-hero.jpg?sw=280&sh=280"
                                },
                                {
                                    "marca": "Kinder",
                                    "descricao": "Snack de Chocolate Kinder Délice",
                                    "preco": "4,99€",
                                    "preco_antigo": null,
                                    "quantidade": "emb. 403 gr (10 un)",
                                    "precoPorQuantidade": "12,38€/kg",
                                    "link": "https://www.continente.pt/produto/snack-de-chocolate-kinder-delice-kinder-6217441.html?cgid=mercearias-chocolates-snacks",
                                    "imagem": "https://www.continente.pt/dw/image/v2/BDVS_PRD/on/demandware.static/-/Sites-col-master-catalog/default/dwb8d9fa9d/images/col/621/6217441-direito.jpg?sw=280&sh=280"
                                },
                                {
                                    "marca": "Kit Kat",
                                    "descricao": "Snack de Chocolate de Leite Kit Kat",
                                    "preco": "1,54€",
                                    "preco_antigo": null,
                                    "quantidade": "emb. 3 x 41,5 gr",
                                    "precoPorQuantidade": "12,42€/kg",
                                    "link": "https://www.continente.pt/produto/snack-de-chocolate-de-leite-kit-kat-kit-kat-5762263.html?cgid=mercearias-chocolates-snacks",
                                    "imagem": "https://www.continente.pt/dw/image/v2/BDVS_PRD/on/demandware.static/-/Sites-col-master-catalog/default/dw52059217/images/col/576/5762263-hero.jpg?sw=280&sh=280"
                                },
                                {
                                    "marca": "Snickers",
                                    "descricao": "Snack de Chocolate com Amendoim e Caramelo Mini",
                                    "preco": "2,16€",
                                    "preco_antigo": null,
                                    "quantidade": "emb. 180 gr",
                                    "precoPorQuantidade": "12,71€/kg",
                                    "link": "https://www.continente.pt/produto/snack-de-chocolate-com-amendoim-e-caramelo-mini-snickers-4111819.html?cgid=mercearias-chocolates-snacks",
                                    "imagem": "https://www.continente.pt/dw/image/v2/BDVS_PRD/on/demandware.static/-/Sites-col-master-catalog/default/dw83223a61/images/col/411/4111819-frente.jpg?sw=280&sh=280"
                                },
                                {
                                    "marca": "Continente",
                                    "descricao": "Snacks Salgados Cobertos com Chocolate de Leite",
                                    "preco": "1,59€",
                                    "preco_antigo": null,
                                    "quantidade": "emb. 125 gr",
                                    "precoPorQuantidade": "12,72€/kg",
                                    "link": "https://www.continente.pt/produto/snacks-salgados-cobertos-com-chocolate-de-leite-continente-7447235.html?cgid=mercearias-chocolates-snacks",
                                    "imagem": "https://www.continente.pt/dw/image/v2/BDVS_PRD/on/demandware.static/-/Sites-col-master-catalog/default/dwbde25137/images/col/744/7447235-frente.jpg?sw=280&sh=280"
                                },
                                {
                                    "marca": "Continente",
                                    "descricao": "Flocos de Milho com Chocolate",
                                    "preco": "1,59€",
                                    "preco_antigo": null,
                                    "quantidade": "emb. 125 gr",
                                    "precoPorQuantidade": "12,72€/kg",
                                    "link": "https://www.continente.pt/produto/flocos-de-milho-com-chocolate-continente-6616067.html?cgid=mercearias-chocolates-snacks",
                                    "imagem": "https://www.continente.pt/dw/image/v2/BDVS_PRD/on/demandware.static/-/Sites-col-master-catalog/default/dw64b61296/images/col/661/6616067-frente.jpg?sw=280&sh=280"
                                },
                                {
                                    "marca": "Smarties",
                                    "descricao": "Drageias de Chocolate de Leite",
                                    "preco": "1,34€",
                                    "preco_antigo": null,
                                    "quantidade": "emb. 114 gr",
                                    "precoPorQuantidade": "13,14€/kg",
                                    "link": "https://www.continente.pt/produto/drageias-de-chocolate-de-leite-smarties-2973030.html?cgid=mercearias-chocolates-snacks",
                                    "imagem": "https://www.continente.pt/dw/image/v2/BDVS_PRD/on/demandware.static/-/Sites-col-master-catalog/default/dwf35c3217/images/col/297/2973030-hero.jpg?sw=280&sh=280"
                                },
                                {
                                    "marca": "Kinder",
                                    "descricao": "Snack de Chocolate Kinder Delice Coco",
                                    "preco": "4,99€",
                                    "preco_antigo": null,
                                    "quantidade": "emb. 370 gr (10 un)",
                                    "precoPorQuantidade": "13,49€/kg",
                                    "link": "https://www.continente.pt/produto/snack-de-chocolate-kinder-delice-coco-kinder-7358166.html?cgid=mercearias-chocolates-snacks",
                                    "imagem": "https://www.continente.pt/dw/image/v2/BDVS_PRD/on/demandware.static/-/Sites-col-master-catalog/default/dw449a2ee3/images/col/735/7358166-frente.jpg?sw=280&sh=280"
                                },
                                {
                                    "marca": "Kellogg's",
                                    "descricao": "Stix Krave Chocolate e Avelã",
                                    "preco": "1,39€",
                                    "preco_antigo": null,
                                    "quantidade": "emb. 102,5 gr",
                                    "precoPorQuantidade": "13,63€/kg",
                                    "link": "https://www.continente.pt/produto/stix-krave-chocolate-e-avela-kelloggs-7388365.html?cgid=mercearias-chocolates-snacks",
                                    "imagem": "https://www.continente.pt/dw/image/v2/BDVS_PRD/on/demandware.static/-/Sites-col-master-catalog/default/dw9487a0bd/images/col/738/7388365-direito.jpg?sw=280&sh=280"
                                },
                                {
                                    "marca": "Bounty",
                                    "descricao": "Snack de Chocolate com Coco",
                                    "preco": "3,89€",
                                    "preco_antigo": null,
                                    "quantidade": "emb. 5 x 57 gr",
                                    "precoPorQuantidade": "13,65€/kg",
                                    "link": "https://www.continente.pt/produto/snack-de-chocolate-com-coco-bounty-3870108.html?cgid=mercearias-chocolates-snacks",
                                    "imagem": "https://www.continente.pt/dw/image/v2/BDVS_PRD/on/demandware.static/-/Sites-col-master-catalog/default/dwf9878a43/images/col/387/3870108-frente.jpg?sw=280&sh=280"
                                },
                                {
                                    "marca": "Kit Kat",
                                    "descricao": "Snack de Chocolate de Leite Kit Kat Mini",
                                    "preco": "2,79€",
                                    "preco_antigo": null,
                                    "quantidade": "emb. 12 x 16,7 gr",
                                    "precoPorQuantidade": "13,95€/kg",
                                    "link": "https://www.continente.pt/produto/snack-de-chocolate-de-leite-kit-kat-mini-kit-kat-2005332.html?cgid=mercearias-chocolates-snacks",
                                    "imagem": "https://www.continente.pt/dw/image/v2/BDVS_PRD/on/demandware.static/-/Sites-col-master-catalog/default/dw314323f5/images/col/200/2005332-hero.jpg?sw=280&sh=280"
                                },
                                {
                                    "marca": "Kinder",
                                    "descricao": "Snack de Chocolate de Leite",
                                    "preco": "4,19€",
                                    "preco_antigo": null,
                                    "quantidade": "emb. 24 x 12,5 gr",
                                    "precoPorQuantidade": "13,97€/kg",
                                    "link": "https://www.continente.pt/produto/snack-de-chocolate-de-leite-kinder-4968830.html?cgid=mercearias-chocolates-snacks",
                                    "imagem": "https://www.continente.pt/dw/image/v2/BDVS_PRD/on/demandware.static/-/Sites-col-master-catalog/default/dw01e14198/images/col/496/4968830-direito.jpg?sw=280&sh=280"
                                },
                                {
                                    "marca": "Nestlé",
                                    "descricao": "Snack de Chocolate de Leite Lion Mini",
                                    "preco": "2,79€",
                                    "preco_antigo": null,
                                    "quantidade": "emb. 11 x 18 gr",
                                    "precoPorQuantidade": "14,09€/kg",
                                    "link": "https://www.continente.pt/produto/snack-de-chocolate-de-leite-lion-mini-nestle-5439079.html?cgid=mercearias-chocolates-snacks",
                                    "imagem": "https://www.continente.pt/dw/image/v2/BDVS_PRD/on/demandware.static/-/Sites-col-master-catalog/default/dwaae603af/images/col/543/5439079-frente.jpg?sw=280&sh=280"
                                },
                                {
                                    "marca": "Kinder",
                                    "descricao": "Snack de Chocolate Kinder Delice",
                                    "preco": "2,29€",
                                    "preco_antigo": null,
                                    "quantidade": "emb. 156 gr (4 un)",
                                    "precoPorQuantidade": "14,68€/kg",
                                    "link": "https://www.continente.pt/produto/snack-de-chocolate-kinder-delice-kinder-6720745.html?cgid=mercearias-chocolates-snacks",
                                    "imagem": "https://www.continente.pt/dw/image/v2/BDVS_PRD/on/demandware.static/-/Sites-col-master-catalog/default/dw7d6415bb/images/col/672/6720745-direito.jpg?sw=280&sh=280"
                                },
                                {
                                    "marca": "Snickers",
                                    "descricao": "Snack de Chocolate com Amendoim e Caramelo",
                                    "preco": "1,19€",
                                    "preco_antigo": null,
                                    "quantidade": "emb. 2 x 40 gr",
                                    "precoPorQuantidade": "14,88€/kg",
                                    "link": "https://www.continente.pt/produto/snack-de-chocolate-com-amendoim-e-caramelo-snickers-5054984.html?cgid=mercearias-chocolates-snacks",
                                    "imagem": "https://www.continente.pt/dw/image/v2/BDVS_PRD/on/demandware.static/-/Sites-col-master-catalog/default/dw8623feb2/images/col/505/5054984-frente.jpg?sw=280&sh=280"
                                },
                                {
                                    "marca": "Snickers",
                                    "descricao": "Snack de Chocolate com Amendoim e Caramelo",
                                    "preco": "0,76€",
                                    "preco_antigo": null,
                                    "quantidade": "emb. 50 gr",
                                    "precoPorQuantidade": "15,20€/kg",
                                    "link": "https://www.continente.pt/produto/snack-de-chocolate-com-amendoim-e-caramelo-snickers-4111711.html?cgid=mercearias-chocolates-snacks",
                                    "imagem": "https://www.continente.pt/dw/image/v2/BDVS_PRD/on/demandware.static/-/Sites-col-master-catalog/default/dw46fe39db/images/col/411/4111711-frente.jpg?sw=280&sh=280"
                                },
                                {
                                    "marca": "Twix",
                                    "descricao": "Snack de Chocolate com Biscoito e Caramelo 99Kcal",
                                    "preco": "3,99€",
                                    "preco_antigo": null,
                                    "quantidade": "emb. 260 gr",
                                    "precoPorQuantidade": "15,35€/kg",
                                    "link": "https://www.continente.pt/produto/snack-de-chocolate-com-biscoito-e-caramelo-99kcal-twix-7400211.html?cgid=mercearias-chocolates-snacks",
                                    "imagem": "https://www.continente.pt/dw/image/v2/BDVS_PRD/on/demandware.static/-/Sites-col-master-catalog/default/dw33552a18/images/col/740/7400211-direito.JPG?sw=280&sh=280"
                                },
                                {
                                    "marca": "Snickers",
                                    "descricao": "Snack de Chocolate Branco com Amendoim e Caramelo",
                                    "preco": "0,76€",
                                    "preco_antigo": null,
                                    "quantidade": "emb. 49 gr",
                                    "precoPorQuantidade": "15,51€/kg",
                                    "link": "https://www.continente.pt/produto/snack-de-chocolate-branco-com-amendoim-e-caramelo-snickers-6142954.html?cgid=mercearias-chocolates-snacks",
                                    "imagem": "https://www.continente.pt/dw/image/v2/BDVS_PRD/on/demandware.static/-/Sites-col-master-catalog/default/dwc587d733/col/614/6142954.jpg?sw=280&sh=280"
                                },
                                {
                                    "marca": "Kit Kat",
                                    "descricao": "Snack de Chocolate Negro 70% Cacau Kit Kat",
                                    "preco": "1,94€",
                                    "preco_antigo": null,
                                    "quantidade": "emb. 3 x 41,5 gr",
                                    "precoPorQuantidade": "15,52€/kg",
                                    "link": "https://www.continente.pt/produto/snack-de-chocolate-negro-70--cacau-kit-kat-kit-kat-5911974.html?cgid=mercearias-chocolates-snacks",
                                    "imagem": "https://www.continente.pt/dw/image/v2/BDVS_PRD/on/demandware.static/-/Sites-col-master-catalog/default/dw9a44f934/images/col/591/5911974-hero.jpg?sw=280&sh=280"
                                },
                                {
                                    "marca": "Twix",
                                    "descricao": "Snack de Chocolate com Biscoito e Caramelo",
                                    "preco": "3,89€",
                                    "preco_antigo": null,
                                    "quantidade": "emb. 5 x 58 gr",
                                    "precoPorQuantidade": "15,56€/kg",
                                    "link": "https://www.continente.pt/produto/snack-de-chocolate-com-biscoito-e-caramelo-twix-2666531.html?cgid=mercearias-chocolates-snacks",
                                    "imagem": "https://www.continente.pt/dw/image/v2/BDVS_PRD/on/demandware.static/-/Sites-col-master-catalog/default/dwb1056918/images/col/266/2666531-frente.jpg?sw=280&sh=280"
                                },
                                {
                                    "marca": "Kit Kat",
                                    "descricao": "Snack de Chocolate Branco Kit Kat",
                                    "preco": "1,94€",
                                    "preco_antigo": null,
                                    "quantidade": "emb. 3 x 41,5 gr",
                                    "precoPorQuantidade": "15,65€/kg",
                                    "link": "https://www.continente.pt/produto/snack-de-chocolate-branco-kit-kat-kit-kat-5825458.html?cgid=mercearias-chocolates-snacks",
                                    "imagem": "https://www.continente.pt/dw/image/v2/BDVS_PRD/on/demandware.static/-/Sites-col-master-catalog/default/dwd7196284/images/col/582/5825458-hero.jpg?sw=280&sh=280"
                                },
                                {
                                    "marca": "Pintarolas",
                                    "descricao": "Drageias de Chocolate de Leite",
                                    "preco": "1,04€",
                                    "preco_antigo": null,
                                    "quantidade": "emb. 3 x 22 gr",
                                    "precoPorQuantidade": "15,76€/kg",
                                    "link": "https://www.continente.pt/produto/drageias-de-chocolate-de-leite-pintarolas-2638105.html?cgid=mercearias-chocolates-snacks",
                                    "imagem": "https://www.continente.pt/dw/image/v2/BDVS_PRD/on/demandware.static/-/Sites-col-master-catalog/default/dwdce8a630/images/col/263/2638105-frente.jpg?sw=280&sh=280"
                                },
                                {
                                    "marca": "Twix",
                                    "descricao": "Snack de Chocolate com Biscoito e Caramelo Mini",
                                    "preco": "2,69€",
                                    "preco_antigo": null,
                                    "quantidade": "emb. 170 gr",
                                    "precoPorQuantidade": "15,82€/kg",
                                    "link": "https://www.continente.pt/produto/snack-de-chocolate-com-biscoito-e-caramelo-mini-twix-4111763.html?cgid=mercearias-chocolates-snacks",
                                    "imagem": "https://www.continente.pt/dw/image/v2/BDVS_PRD/on/demandware.static/-/Sites-col-master-catalog/default/dwcdb4b8d1/images/col/411/4111763-frente.jpg?sw=280&sh=280"
                                },
                                {
                                    "marca": "Twix",
                                    "descricao": "Snack de Chocolate com Biscoito e Caramelo",
                                    "preco": "2,39€",
                                    "preco_antigo": null,
                                    "quantidade": "emb. 3 x 58 gr",
                                    "precoPorQuantidade": "15,93€/kg",
                                    "link": "https://www.continente.pt/produto/snack-de-chocolate-com-biscoito-e-caramelo-twix-2168282.html?cgid=mercearias-chocolates-snacks",
                                    "imagem": "https://www.continente.pt/dw/image/v2/BDVS_PRD/on/demandware.static/-/Sites-col-master-catalog/default/dw436dd7bb/images/col/216/2168282-frente.jpg?sw=280&sh=280"
                                },
                                {
                                    "marca": "Kinder",
                                    "descricao": "Snack de Chocolate de Leite",
                                    "preco": "3,19€",
                                    "preco_antigo": null,
                                    "quantidade": "emb. 16 x 12,5 gr",
                                    "precoPorQuantidade": "15,95€/kg",
                                    "link": "https://www.continente.pt/produto/snack-de-chocolate-de-leite-kinder-2627765.html?cgid=mercearias-chocolates-snacks",
                                    "imagem": "https://www.continente.pt/dw/image/v2/BDVS_PRD/on/demandware.static/-/Sites-col-master-catalog/default/dw1527309c/images/col/262/2627765-direito.jpg?sw=280&sh=280"
                                },
                                {
                                    "marca": "Kit Kat",
                                    "descricao": "Snack de Chocolate Negro e Menta Kit Kat",
                                    "preco": "2,99€",
                                    "preco_antigo": null,
                                    "quantidade": "emb. 9 x 20,7 gr",
                                    "precoPorQuantidade": "16,08€/kg",
                                    "link": "https://www.continente.pt/produto/snack-de-chocolate-negro-e-menta-kit-kat-kit-kat-7457390.html?cgid=mercearias-chocolates-snacks",
                                    "imagem": "https://www.continente.pt/dw/image/v2/BDVS_PRD/on/demandware.static/-/Sites-col-master-catalog/default/dwc39bad9b/images/col/745/7457390-hero.jpg?sw=280&sh=280"
                                },
                                {
                                    "marca": "Nestlé",
                                    "descricao": "Nestlé Moments Tablete de Chocolate Negro",
                                    "preco": "1,49€",
                                    "preco_antigo": null,
                                    "quantidade": "emb. 90 gr",
                                    "precoPorQuantidade": "16,56€/kg",
                                    "link": "https://www.continente.pt/produto/nestle-moments-tablete-de-chocolate-negro-nestle-5801596.html?cgid=mercearias-chocolates-snacks",
                                    "imagem": "https://www.continente.pt/dw/image/v2/BDVS_PRD/on/demandware.static/-/Sites-col-master-catalog/default/dwb085d560/images/col/580/5801596-frente.jpg?sw=280&sh=280"
                                },
                                {
                                    "marca": "Kinder",
                                    "descricao": "Snack de Chocolate de Leite",
                                    "preco": "2,49€",
                                    "preco_antigo": null,
                                    "quantidade": "emb. 12 x 12,5 gr",
                                    "precoPorQuantidade": "16,60€/kg",
                                    "link": "https://www.continente.pt/produto/snack-de-chocolate-de-leite-kinder-4965209.html?cgid=mercearias-chocolates-snacks",
                                    "imagem": "https://www.continente.pt/dw/image/v2/BDVS_PRD/on/demandware.static/-/Sites-col-master-catalog/default/dwc33f586e/images/col/496/4965209-frente.jpg?sw=280&sh=280"
                                },
                                {
                                    "marca": "Mars",
                                    "descricao": "Snack de Chocolate com Caramelo Mini",
                                    "preco": "2,89€",
                                    "preco_antigo": null,
                                    "quantidade": "emb. 170 gr",
                                    "precoPorQuantidade": "17,00€/kg",
                                    "link": "https://www.continente.pt/produto/snack-de-chocolate-com-caramelo-mini-mars-4113139.html?cgid=mercearias-chocolates-snacks",
                                    "imagem": "https://www.continente.pt/dw/image/v2/BDVS_PRD/on/demandware.static/-/Sites-col-master-catalog/default/dwe529fe4b/images/col/411/4113139-frente.jpg?sw=280&sh=280"
                                },
                                {
                                    "marca": "Kit Kat",
                                    "descricao": "Snack de Chocolate de Leite Kit Kat",
                                    "preco": "3,59€",
                                    "preco_antigo": null,
                                    "quantidade": "emb. 5 x 41,5 gr",
                                    "precoPorQuantidade": "17,34€/kg",
                                    "link": "https://www.continente.pt/produto/snack-de-chocolate-de-leite-kit-kat-kit-kat-5762275.html?cgid=mercearias-chocolates-snacks",
                                    "imagem": "https://www.continente.pt/dw/image/v2/BDVS_PRD/on/demandware.static/-/Sites-col-master-catalog/default/dw27475a54/images/col/576/5762275-hero.jpg?sw=280&sh=280"
                                },
                                {
                                    "marca": "Nestlé",
                                    "descricao": "Snack de Chocolate de Leite Lion",
                                    "preco": "2,19€",
                                    "preco_antigo": null,
                                    "quantidade": "emb. 3 x 42 gr",
                                    "precoPorQuantidade": "17,38€/kg",
                                    "link": "https://www.continente.pt/produto/snack-de-chocolate-de-leite-lion-nestle-2005321.html?cgid=mercearias-chocolates-snacks",
                                    "imagem": "https://www.continente.pt/dw/image/v2/BDVS_PRD/on/demandware.static/-/Sites-col-master-catalog/default/dw274929ce/images/col/200/2005321-frente.jpg?sw=280&sh=280"
                                },
                                {
                                    "marca": "Mars",
                                    "descricao": "Snack de Chocolate com Caramelo",
                                    "preco": "2,39€",
                                    "preco_antigo": null,
                                    "quantidade": "emb. 3 x 45 gr",
                                    "precoPorQuantidade": "17,70€/kg",
                                    "link": "https://www.continente.pt/produto/snack--de-chocolate-com-caramelo-mars-5072256.html?cgid=mercearias-chocolates-snacks",
                                    "imagem": "https://www.continente.pt/dw/image/v2/BDVS_PRD/on/demandware.static/-/Sites-col-master-catalog/default/dwec7e3d66/images/col/507/5072256-frente.jpg?sw=280&sh=280"
                                },
                                {
                                    "marca": "Kinder",
                                    "descricao": "Snack de Chocolate de Leite",
                                    "preco": "1,79€",
                                    "preco_antigo": null,
                                    "quantidade": "emb. 8 x 12,5 gr",
                                    "precoPorQuantidade": "17,90€/kg",
                                    "link": "https://www.continente.pt/produto/snack-de-chocolate-de-leite-kinder-2627783.html?cgid=mercearias-chocolates-snacks",
                                    "imagem": "https://www.continente.pt/dw/image/v2/BDVS_PRD/on/demandware.static/-/Sites-col-master-catalog/default/dwe2ce3500/images/col/262/2627783-direito.jpg?sw=280&sh=280"
                                },
                                {
                                    "marca": "Crunch",
                                    "descricao": "Snack de Chocolate Leite Multipack",
                                    "preco": "1,79€",
                                    "preco_antigo": null,
                                    "quantidade": "emb. 3 x 33 gr",
                                    "precoPorQuantidade": "18,08€/kg",
                                    "link": "https://www.continente.pt/produto/snack-de-chocolate-leite-multipack-crunch-7536658.html?cgid=mercearias-chocolates-snacks",
                                    "imagem": "https://www.continente.pt/dw/image/v2/BDVS_PRD/on/demandware.static/-/Sites-col-master-catalog/default/dw8d92893a/images/col/753/7536658-frente.JPG?sw=280&sh=280"
                                },
                                {
                                    "marca": "Kinder",
                                    "descricao": "Snack de Chocolate de Leite Maxi",
                                    "preco": "2,29€",
                                    "preco_antigo": null,
                                    "quantidade": "emb. 6 x 21 gr",
                                    "precoPorQuantidade": "18,17€/kg",
                                    "link": "https://www.continente.pt/produto/snack-de-chocolate-de-leite-maxi-kinder-4150270.html?cgid=mercearias-chocolates-snacks",
                                    "imagem": "https://www.continente.pt/dw/image/v2/BDVS_PRD/on/demandware.static/-/Sites-col-master-catalog/default/dw3dd3b517/images/col/415/4150270-direito.jpg?sw=280&sh=280"
                                },
                                {
                                    "marca": "Kinder",
                                    "descricao": "Snack de Chocolate Kinder Délice",
                                    "preco": "0,79€",
                                    "preco_antigo": null,
                                    "quantidade": "emb. 40,3 gr",
                                    "precoPorQuantidade": "18,37€/kg",
                                    "link": "https://www.continente.pt/produto/snack-de-chocolate-kinder-delice-kinder-6345995.html?cgid=mercearias-chocolates-snacks",
                                    "imagem": "https://www.continente.pt/dw/image/v2/BDVS_PRD/on/demandware.static/-/Sites-col-master-catalog/default/dwf8abe682/images/col/634/6345995-frente.jpg?sw=280&sh=280"
                                },
                                {
                                    "marca": "Bounty",
                                    "descricao": "Snack de Chocolate com Coco",
                                    "preco": "1,05€",
                                    "preco_antigo": null,
                                    "quantidade": "emb. 57 gr",
                                    "precoPorQuantidade": "18,42€/kg",
                                    "link": "https://www.continente.pt/produto/snack-de-chocolate-com-coco-bounty-2242736.html?cgid=mercearias-chocolates-snacks",
                                    "imagem": "https://www.continente.pt/dw/image/v2/BDVS_PRD/on/demandware.static/-/Sites-col-master-catalog/default/dwd42bd0f5/images/col/224/2242736-frente.jpg?sw=280&sh=280"
                                },
                                {
                                    "marca": "M&M's",
                                    "descricao": "Drageias de Chocolate com Amendoim",
                                    "preco": "3,69€",
                                    "preco_antigo": null,
                                    "quantidade": "emb. 200 gr",
                                    "precoPorQuantidade": "18,45€/kg",
                                    "link": "https://www.continente.pt/produto/drageias-de-chocolate-com-amendoim-m-ms-7504706.html?cgid=mercearias-chocolates-snacks",
                                    "imagem": "https://www.continente.pt/dw/image/v2/BDVS_PRD/on/demandware.static/-/Sites-col-master-catalog/default/dw7a455d5b/images/col/750/7504706-hero.jpg?sw=280&sh=280"
                                },
                                {
                                    "marca": "M&M's",
                                    "descricao": "Drageias de Chocolate",
                                    "preco": "3,69€",
                                    "preco_antigo": null,
                                    "quantidade": "emb. 200 gr",
                                    "precoPorQuantidade": "18,45€/kg",
                                    "link": "https://www.continente.pt/produto/drageias-de-chocolate-m-ms-7504705.html?cgid=mercearias-chocolates-snacks",
                                    "imagem": "https://www.continente.pt/dw/image/v2/BDVS_PRD/on/demandware.static/-/Sites-col-master-catalog/default/dw3a12d020/images/col/750/7504705-hero.jpg?sw=280&sh=280"
                                },
                                {
                                    "marca": "Kit Kat",
                                    "descricao": "Snack de Chocolate Kit Kat Mini",
                                    "preco": "3,74€",
                                    "preco_antigo": null,
                                    "quantidade": "emb. 197.4 gr (14 un)",
                                    "precoPorQuantidade": "18,98€/kg",
                                    "link": "https://www.continente.pt/produto/snack-de-chocolate-kit-kat-mini-kit-kat-7536659.html?cgid=mercearias-chocolates-snacks",
                                    "imagem": "https://www.continente.pt/dw/image/v2/BDVS_PRD/on/demandware.static/-/Sites-col-master-catalog/default/dw9a9a4d36/images/col/753/7536659-hero.jpg?sw=280&sh=280"
                                },
                                {
                                    "marca": "Kinder",
                                    "descricao": "Snack de Chocolate de Leite Kinder Bueno",
                                    "preco": "3,29€",
                                    "preco_antigo": null,
                                    "quantidade": "emb. 4 x 21,5 gr",
                                    "precoPorQuantidade": "19,13€/kg",
                                    "link": "https://www.continente.pt/produto/snack-de-chocolate-de-leite-kinder-bueno-kinder-4150262.html?cgid=mercearias-chocolates-snacks",
                                    "imagem": "https://www.continente.pt/dw/image/v2/BDVS_PRD/on/demandware.static/-/Sites-col-master-catalog/default/dw72a9237e/images/col/415/4150262-esquerdo.jpg?sw=280&sh=280"
                                },
                                {
                                    "marca": "Kinder Bueno",
                                    "descricao": "Snack de Chocolate Clássico",
                                    "preco": "8,29€",
                                    "preco_antigo": null,
                                    "quantidade": "emb. 430 gr",
                                    "precoPorQuantidade": "19,28€/kg",
                                    "link": "https://www.continente.pt/produto/snack-de-chocolate-classico-kinder-bueno-7135252.html?cgid=mercearias-chocolates-snacks",
                                    "imagem": "https://www.continente.pt/dw/image/v2/BDVS_PRD/on/demandware.static/-/Sites-col-master-catalog/default/dw9a13f523/images/col/713/7135252-frente.jpg?sw=280&sh=280"
                                },
                                {
                                    "marca": "Kinder",
                                    "descricao": "Snack de Chocolate White Kinder Bueno",
                                    "preco": "8,29€",
                                    "preco_antigo": null,
                                    "quantidade": "emb. 390 gr",
                                    "precoPorQuantidade": "19,28€/kg",
                                    "link": "https://www.continente.pt/produto/snack-de-chocolate-white-kinder-bueno-kinder-7213475.html?cgid=mercearias-chocolates-snacks",
                                    "imagem": "https://www.continente.pt/dw/image/v2/BDVS_PRD/on/demandware.static/-/Sites-col-master-catalog/default/dw56c2f9a0/images/col/721/7213475-frente.jpg?sw=280&sh=280"
                                },
                                {
                                    "marca": "Lion",
                                    "descricao": "Snack Chocolate e Amendoim Lion",
                                    "preco": "2,99€",
                                    "preco_antigo": null,
                                    "quantidade": "emb. 5 un",
                                    "precoPorQuantidade": "19,29€/kg",
                                    "link": "https://www.continente.pt/produto/snack-chocolate-e-amendoim-lion-lion-7534167.html?cgid=mercearias-chocolates-snacks",
                                    "imagem": "https://www.continente.pt/dw/image/v2/BDVS_PRD/on/demandware.static/-/Sites-col-master-catalog/default/dw60f6ceaf/images/col/753/7534167-frente.jpg?sw=280&sh=280"
                                },
                                {
                                    "marca": "Nestlé",
                                    "descricao": "Drageias de Chocolate de Leite Smarties",
                                    "preco": "0,74€",
                                    "preco_antigo": null,
                                    "quantidade": "emb. 38 gr",
                                    "precoPorQuantidade": "19,47€/kg",
                                    "link": "https://www.continente.pt/produto/drageias-de-chocolate-de-leite-smarties-nestle-5722460.html?cgid=mercearias-chocolates-snacks",
                                    "imagem": "https://www.continente.pt/dw/image/v2/BDVS_PRD/on/demandware.static/-/Sites-col-master-catalog/default/dwbc8f0e0a/images/col/572/5722460-hero.jpg?sw=280&sh=280"
                                },
                                {
                                    "marca": "Maltesers",
                                    "descricao": "Drageias de Chocolate",
                                    "preco": "5,99€",
                                    "preco_antigo": null,
                                    "quantidade": "emb. 300 gr",
                                    "precoPorQuantidade": "19,97€/kg",
                                    "link": "https://www.continente.pt/produto/drageias-de-chocolate-maltesers-7108328.html?cgid=mercearias-chocolates-snacks",
                                    "imagem": "https://www.continente.pt/dw/image/v2/BDVS_PRD/on/demandware.static/-/Sites-col-master-catalog/default/dw85afa8f3/images/col/710/7108328-frente.jpg?sw=280&sh=280"
                                },
                                {
                                    "marca": "Kit Kat",
                                    "descricao": "Snack de Chocolate de Leite e Manteiga de Amendoim Kit Kat",
                                    "preco": "3,39€",
                                    "preco_antigo": null,
                                    "quantidade": "emb. 168 gr (4 un)",
                                    "precoPorQuantidade": "20,18€/kg",
                                    "link": "https://www.continente.pt/produto/snack-de-chocolate-de-leite-e-manteiga-de-amendoim-kit-kat-kit-kat-6593698.html?cgid=mercearias-chocolates-snacks",
                                    "imagem": "https://www.continente.pt/dw/image/v2/BDVS_PRD/on/demandware.static/-/Sites-col-master-catalog/default/dw3fe34252/images/col/659/6593698-hero.jpg?sw=280&sh=280"
                                },
                                {
                                    "marca": "Cadbury",
                                    "descricao": "Snack de Chocolate de Leite com Frutos Secos e Passas Dairy Milk",
                                    "preco": "0,99€",
                                    "preco_antigo": null,
                                    "quantidade": "emb. 49 gr",
                                    "precoPorQuantidade": "20,20€/kg",
                                    "link": "https://www.continente.pt/produto/snack-de-chocolate-de-leite-com-frutos-secos-e-passas-dairy-milk-cadbury-2260584.html?cgid=mercearias-chocolates-snacks",
                                    "imagem": "https://www.continente.pt/dw/image/v2/BDVS_PRD/on/demandware.static/-/Sites-col-master-catalog/default/dw5f534b6a/images/col/226/2260584-frente.jpg?sw=280&sh=280"
                                },
                                {
                                    "marca": "Nestlé",
                                    "descricao": "Snack de Chocolate Extrafino",
                                    "preco": "0,69€",
                                    "preco_antigo": null,
                                    "quantidade": "emb. 34 gr",
                                    "precoPorQuantidade": "20,29€/kg",
                                    "link": "https://www.continente.pt/produto/snack-de-chocolate-extrafino-nestle-7626303.html?cgid=mercearias-chocolates-snacks",
                                    "imagem": "https://www.continente.pt/dw/image/v2/BDVS_PRD/on/demandware.static/-/Sites-col-master-catalog/default/dwe523f4bc/images/col/762/7626303-frente.jpg?sw=280&sh=280"
                                },
                                {
                                    "marca": "Lacasitos",
                                    "descricao": "Drageias de Chocolate de Leite Tubo",
                                    "preco": "1,64€",
                                    "preco_antigo": null,
                                    "quantidade": "emb. 80 gr",
                                    "precoPorQuantidade": "20,50€/kg",
                                    "link": "https://www.continente.pt/produto/drageias-de-chocolate-de-leite-tubo-lacasitos-4228076.html?cgid=mercearias-chocolates-snacks",
                                    "imagem": "https://www.continente.pt/dw/image/v2/BDVS_PRD/on/demandware.static/-/Sites-col-master-catalog/default/dwba9f6d02/images/col/422/4228076-frente.jpg?sw=280&sh=280"
                                },
                                {
                                    "marca": "Mars",
                                    "descricao": "Snack de Chocolate com Caramelo",
                                    "preco": "1,05€",
                                    "preco_antigo": null,
                                    "quantidade": "emb. 51 gr",
                                    "precoPorQuantidade": "20,59€/kg",
                                    "link": "https://www.continente.pt/produto/snack-de-chocolate-com-caramelo-mars-4710024.html?cgid=mercearias-chocolates-snacks",
                                    "imagem": "https://www.continente.pt/dw/image/v2/BDVS_PRD/on/demandware.static/-/Sites-col-master-catalog/default/dwa7706acf/images/col/471/4710024-frente.jpg?sw=280&sh=280"
                                },
                                {
                                    "marca": "Regina",
                                    "descricao": "Regina Classic Tripack",
                                    "preco": "1,49€",
                                    "preco_antigo": null,
                                    "quantidade": "emb. 3 x 24 gr",
                                    "precoPorQuantidade": "20,69€/kg",
                                    "link": "https://www.continente.pt/produto/regina-classic-tripack-regina-2534677.html?cgid=mercearias-chocolates-snacks",
                                    "imagem": "https://www.continente.pt/dw/image/v2/BDVS_PRD/on/demandware.static/-/Sites-col-master-catalog/default/dwc6cfe45a/images/col/253/2534677-frente.jpg?sw=280&sh=280"
                                },
                                {
                                    "marca": "Kinder",
                                    "descricao": "Barra de Chocolate com Cereais",
                                    "preco": "1,99€",
                                    "preco_antigo": null,
                                    "quantidade": "emb. 4 x 24 gr",
                                    "precoPorQuantidade": "20,73€/kg",
                                    "link": "https://www.continente.pt/produto/barra-de-chocolate-com-cereais-kinder-5616685.html?cgid=mercearias-chocolates-snacks",
                                    "imagem": "https://www.continente.pt/dw/image/v2/BDVS_PRD/on/demandware.static/-/Sites-col-master-catalog/default/dw429f7dcf/images/col/561/5616685-frente.jpg?sw=280&sh=280"
                                },
                                {
                                    "marca": "Crunch",
                                    "descricao": "Snack de Chocolate de Leite Crunch",
                                    "preco": "0,69€",
                                    "preco_antigo": null,
                                    "quantidade": "emb. 33 gr",
                                    "precoPorQuantidade": "20,91€/kg",
                                    "link": "https://www.continente.pt/produto/snack-de-chocolate-de-leite-crunch-crunch-7384248.html?cgid=mercearias-chocolates-snacks",
                                    "imagem": "https://www.continente.pt/dw/image/v2/BDVS_PRD/on/demandware.static/-/Sites-col-master-catalog/default/dwc698af72/images/col/738/7384248-frente.jpg?sw=280&sh=280"
                                },
                                {
                                    "marca": "Twix",
                                    "descricao": "Snack de Chocolate com Biscoito e Caramelo",
                                    "preco": "1,05€",
                                    "preco_antigo": null,
                                    "quantidade": "emb. 50 gr",
                                    "precoPorQuantidade": "21,00€/kg",
                                    "link": "https://www.continente.pt/produto/snack-de-chocolate-com-biscoito-e-caramelo-twix-2274408.html?cgid=mercearias-chocolates-snacks",
                                    "imagem": "https://www.continente.pt/dw/image/v2/BDVS_PRD/on/demandware.static/-/Sites-col-master-catalog/default/dwd2d2a9de/images/col/227/2274408-frente.jpg?sw=280&sh=280"
                                },
                                {
                                    "marca": "Kinder",
                                    "descricao": "Snack de Chocolate Branco Kinder Bueno",
                                    "preco": "3,29€",
                                    "preco_antigo": null,
                                    "quantidade": "emb. 4 x 12,5 gr",
                                    "precoPorQuantidade": "21,09€/kg",
                                    "link": "https://www.continente.pt/produto/snack-de-chocolate-branco-kinder-bueno-kinder-6616618.html?cgid=mercearias-chocolates-snacks",
                                    "imagem": "https://www.continente.pt/dw/image/v2/BDVS_PRD/on/demandware.static/-/Sites-col-master-catalog/default/dw43220310/images/col/661/6616618-esquerdo.jpg?sw=280&sh=280"
                                },
                                {
                                    "marca": "Kit Kat",
                                    "descricao": "Snack de Chocolate de Leite Kit Kat Chunky",
                                    "preco": "3,39€",
                                    "preco_antigo": null,
                                    "quantidade": "emb. 160 gr (4 un)",
                                    "precoPorQuantidade": "21,19€/kg",
                                    "link": "https://www.continente.pt/produto/snack-de-chocolate-de-leite-kit-kat-chunky-kit-kat-5824254.html?cgid=mercearias-chocolates-snacks",
                                    "imagem": "https://www.continente.pt/dw/image/v2/BDVS_PRD/on/demandware.static/-/Sites-col-master-catalog/default/dwd02df5d8/images/col/582/5824254-hero.jpg?sw=280&sh=280"
                                },
                                {
                                    "marca": "Twix",
                                    "descricao": "Snack de Chocolate com Biscoito e Caramelo",
                                    "preco": "1,59€",
                                    "preco_antigo": null,
                                    "quantidade": "emb. 75 gr",
                                    "precoPorQuantidade": "21,20€/kg",
                                    "link": "https://www.continente.pt/produto/snack-de-chocolate-com-biscoito-e-caramelo-twix-5318632.html?cgid=mercearias-chocolates-snacks",
                                    "imagem": "https://www.continente.pt/dw/image/v2/BDVS_PRD/on/demandware.static/-/Sites-col-master-catalog/default/dwc673b1f0/images/col/531/5318632-frente.jpg?sw=280&sh=280"
                                },
                                {
                                    "marca": "Reeses",
                                    "descricao": "Snack de Chocolate com Manteiga de Amendoim King Size",
                                    "preco": "1,69€",
                                    "preco_antigo": null,
                                    "quantidade": "emb. 79 gr",
                                    "precoPorQuantidade": "21,39€/kg",
                                    "link": "https://www.continente.pt/produto/snack-de-chocolate-com-manteiga-de-amendoim-king-size-reeses-7434250.html?cgid=mercearias-chocolates-snacks",
                                    "imagem": "https://www.continente.pt/dw/image/v2/BDVS_PRD/on/demandware.static/-/Sites-col-master-catalog/default/dw04ff5848/images/col/743/7434250-frente.jpg?sw=280&sh=280"
                                },
                                {
                                    "marca": "M&M's",
                                    "descricao": "Drageias de Chocolate Crispy",
                                    "preco": "3,69€",
                                    "preco_antigo": null,
                                    "quantidade": "emb. 170 gr",
                                    "precoPorQuantidade": "21,71€/kg",
                                    "link": "https://www.continente.pt/produto/drageias-de-chocolate-crispy-m-ms-5787032.html?cgid=mercearias-chocolates-snacks",
                                    "imagem": "https://www.continente.pt/dw/image/v2/BDVS_PRD/on/demandware.static/-/Sites-col-master-catalog/default/dwbe9a4807/images/col/578/5787032-frente.jpg?sw=280&sh=280"
                                },
                                {
                                    "marca": "Cadbury",
                                    "descricao": "Snack de Chocolate e Avelã Dairy Milk",
                                    "preco": "0,99€",
                                    "preco_antigo": null,
                                    "quantidade": "emb. 45 gr",
                                    "precoPorQuantidade": "22,00€/kg",
                                    "link": "https://www.continente.pt/produto/snack-de-chocolate-e-avela-dairy-milk-cadbury-5877213.html?cgid=mercearias-chocolates-snacks",
                                    "imagem": "https://www.continente.pt/dw/image/v2/BDVS_PRD/on/demandware.static/-/Sites-col-master-catalog/default/dwf132d5e3/images/col/587/5877213-frente.jpg?sw=280&sh=280"
                                },
                                {
                                    "marca": "Cadbury",
                                    "descricao": "Snack de Chocolate de Leite com Caramelo Dairy Milk",
                                    "preco": "0,99€",
                                    "preco_antigo": null,
                                    "quantidade": "emb. 45 gr",
                                    "precoPorQuantidade": "22,00€/kg",
                                    "link": "https://www.continente.pt/produto/snack-de-chocolate-de-leite-com-caramelo-dairy-milk-cadbury-2260600.html?cgid=mercearias-chocolates-snacks",
                                    "imagem": "https://www.continente.pt/dw/image/v2/BDVS_PRD/on/demandware.static/-/Sites-col-master-catalog/default/dw0eca4055/images/col/226/2260600-frente.jpg?sw=280&sh=280"
                                },
                                {
                                    "marca": "Cadbury",
                                    "descricao": "Snack de Chocolate de Leite Dairy Milk",
                                    "preco": "0,99€",
                                    "preco_antigo": null,
                                    "quantidade": "emb. 45 gr",
                                    "precoPorQuantidade": "22,00€/kg",
                                    "link": "https://www.continente.pt/produto/snack-de-chocolate-de-leite-dairy-milk-cadbury-2260567.html?cgid=mercearias-chocolates-snacks",
                                    "imagem": "https://www.continente.pt/dw/image/v2/BDVS_PRD/on/demandware.static/-/Sites-col-master-catalog/default/dw6443a606/images/col/226/2260567-frente.jpg?sw=280&sh=280"
                                },
                                {
                                    "marca": "Reeses",
                                    "descricao": "Snack de Chocolate com Manteiga de Amendoim Minis",
                                    "preco": "1,99€",
                                    "preco_antigo": null,
                                    "quantidade": "emb. 90 gr",
                                    "precoPorQuantidade": "22,11€/kg",
                                    "link": "https://www.continente.pt/produto/snack-de-chocolate-com-manteiga-de-amendoim-minis-reeses-7386768.html?cgid=mercearias-chocolates-snacks",
                                    "imagem": "https://www.continente.pt/dw/image/v2/BDVS_PRD/on/demandware.static/-/Sites-col-master-catalog/default/dw671c26ab/images/col/738/7386768-frente.jpg?sw=280&sh=280"
                                },
                                {
                                    "marca": "Toblerone",
                                    "descricao": "Snack de Chocolate de Leite com Nougat, Mel e Amêndoa",
                                    "preco": "4,49€",
                                    "preco_antigo": null,
                                    "quantidade": "emb. 200 gr",
                                    "precoPorQuantidade": "22,45€/kg",
                                    "link": "https://www.continente.pt/produto/snack-de-chocolate-de-leite-com-nougat-mel-e-amendoa-toblerone-2005662.html?cgid=mercearias-chocolates-snacks",
                                    "imagem": "https://www.continente.pt/dw/image/v2/BDVS_PRD/on/demandware.static/-/Sites-col-master-catalog/default/dwb889d87f/images/col/200/2005662-direito.jpg?sw=280&sh=280"
                                },
                                {
                                    "marca": "Kinder",
                                    "descricao": "Snack de Chocolate de Leite",
                                    "preco": "1,14€",
                                    "preco_antigo": null,
                                    "quantidade": "emb. 50 gr",
                                    "precoPorQuantidade": "22,80€/kg",
                                    "link": "https://www.continente.pt/produto/snack-de-chocolate-de-leite-kinder-2627799.html?cgid=mercearias-chocolates-snacks",
                                    "imagem": "https://www.continente.pt/dw/image/v2/BDVS_PRD/on/demandware.static/-/Sites-col-master-catalog/default/dw8edf9202/images/col/262/2627799-frente.jpg?sw=280&sh=280"
                                },
                                {
                                    "marca": "M&M's",
                                    "descricao": "Drageias de Chocolate Salted Caramel",
                                    "preco": "3,69€",
                                    "preco_antigo": null,
                                    "quantidade": "emb. 160 gr",
                                    "precoPorQuantidade": "23,06€/kg",
                                    "link": "https://www.continente.pt/produto/drageias-de-chocolate-salted-caramel-m-ms-7346072.html?cgid=mercearias-chocolates-snacks",
                                    "imagem": "https://www.continente.pt/dw/image/v2/BDVS_PRD/on/demandware.static/-/Sites-col-master-catalog/default/dw7194255c/images/col/734/7346072-frente.jpg?sw=280&sh=280"
                                },
                                {
                                    "marca": "Kinder",
                                    "descricao": "Snack de Chocolate de Leite Kinder Bueno Mini",
                                    "preco": "2,49€",
                                    "preco_antigo": null,
                                    "quantidade": "emb. 108 gr",
                                    "precoPorQuantidade": "23,06€/kg",
                                    "link": "https://www.continente.pt/produto/snack-de-chocolate-de-leite-kinder-bueno-mini-kinder-5619384.html?cgid=mercearias-chocolates-snacks",
                                    "imagem": "https://www.continente.pt/dw/image/v2/BDVS_PRD/on/demandware.static/-/Sites-col-master-catalog/default/dw298a0be6/images/col/561/5619384-frente.jpg?sw=280&sh=280"
                                },
                                {
                                    "marca": "M&M's",
                                    "descricao": "Drageias de Chocolate",
                                    "preco": "1,05€",
                                    "preco_antigo": null,
                                    "quantidade": "emb. 45 gr",
                                    "precoPorQuantidade": "23,33€/kg",
                                    "link": "https://www.continente.pt/produto/drageias-de-chocolate-m-ms-2527655.html?cgid=mercearias-chocolates-snacks",
                                    "imagem": "https://www.continente.pt/dw/image/v2/BDVS_PRD/on/demandware.static/-/Sites-col-master-catalog/default/dwc7ace2d1/images/col/252/2527655-frente.jpg?sw=280&sh=280"
                                },
                                {
                                    "marca": "M&M's",
                                    "descricao": "Drageias de Chocolate com Amendoim",
                                    "preco": "1,05€",
                                    "preco_antigo": null,
                                    "quantidade": "emb. 45 gr",
                                    "precoPorQuantidade": "23,33€/kg",
                                    "link": "https://www.continente.pt/produto/drageias-de-chocolate-com-amendoim-m-ms-4009823.html?cgid=mercearias-chocolates-snacks",
                                    "imagem": "https://www.continente.pt/dw/image/v2/BDVS_PRD/on/demandware.static/-/Sites-col-master-catalog/default/dwa8a6857c/images/col/400/4009823-frente.jpg?sw=280&sh=280"
                                },
                                {
                                    "marca": "Reeses",
                                    "descricao": "Snack de Chocolate com Manteiga de Amendoim",
                                    "preco": "3,99€",
                                    "preco_antigo": null,
                                    "quantidade": "emb. 4x 42,5 gr",
                                    "precoPorQuantidade": "23,47€/kg",
                                    "link": "https://www.continente.pt/produto/snack-de-chocolate-com-manteiga-de-amendoim-reeses-7386767.html?cgid=mercearias-chocolates-snacks",
                                    "imagem": "https://www.continente.pt/dw/image/v2/BDVS_PRD/on/demandware.static/-/Sites-col-master-catalog/default/dwbb4f086c/images/col/738/7386767-frente.jpg?sw=280&sh=280"
                                },
                                {
                                    "marca": "Kit Kat",
                                    "descricao": "Snack de Chocolate de Leite, Caramelo Salgado e Pipoca Kit Kat Chunky",
                                    "preco": "0,99€",
                                    "preco_antigo": null,
                                    "quantidade": "emb. 42 gr",
                                    "precoPorQuantidade": "23,57€/kg",
                                    "link": "https://www.continente.pt/produto/snack-de-chocolate-de-leite-caramelo-salgado-e-pipoca-kit-kat-chunky-kit-kat-7443053.html?cgid=mercearias-chocolates-snacks",
                                    "imagem": "https://www.continente.pt/dw/image/v2/BDVS_PRD/on/demandware.static/-/Sites-col-master-catalog/default/dwccc702a2/images/col/744/7443053-hero.jpg?sw=280&sh=280"
                                },
                                {
                                    "marca": "Nestlé",
                                    "descricao": "Snack de Chocolate de Leite Lion",
                                    "preco": "0,99€",
                                    "preco_antigo": null,
                                    "quantidade": "emb. 42 gr",
                                    "precoPorQuantidade": "23,57€/kg",
                                    "link": "https://www.continente.pt/produto/snack-de-chocolate-de-leite-lion-nestle-4407577.html?cgid=mercearias-chocolates-snacks",
                                    "imagem": "https://www.continente.pt/dw/image/v2/BDVS_PRD/on/demandware.static/-/Sites-col-master-catalog/default/dw5102d53c/images/col/440/4407577-frente.jpg?sw=280&sh=280"
                                },
                                {
                                    "marca": "Kit Kat",
                                    "descricao": "Snack de Chocolate Branco Kit Kat",
                                    "preco": "0,99€",
                                    "preco_antigo": null,
                                    "quantidade": "emb. 41.5 gr",
                                    "precoPorQuantidade": "23,57€/kg",
                                    "link": "https://www.continente.pt/produto/snack-de-chocolate-branco-kit-kat-kit-kat-5839494.html?cgid=mercearias-chocolates-snacks",
                                    "imagem": "https://www.continente.pt/dw/image/v2/BDVS_PRD/on/demandware.static/-/Sites-col-master-catalog/default/dwa4efc6ef/images/col/583/5839494-hero.jpg?sw=280&sh=280"
                                },
                                {
                                    "marca": "Kit Kat",
                                    "descricao": "Snack de Chocolate de Leite e Manteiga de Amendoim Kit Kat Chunky",
                                    "preco": "0,99€",
                                    "preco_antigo": null,
                                    "quantidade": "emb. 42 gr",
                                    "precoPorQuantidade": "23,57€/kg",
                                    "link": "https://www.continente.pt/produto/snack-de-chocolate-de-leite-e-manteiga-de-amendoim-kit-kat-chunky-kit-kat-5108129.html?cgid=mercearias-chocolates-snacks",
                                    "imagem": "https://www.continente.pt/dw/image/v2/BDVS_PRD/on/demandware.static/-/Sites-col-master-catalog/default/dwefa79779/images/col/510/5108129-hero.jpg?sw=280&sh=280"
                                },
                                {
                                    "marca": "Kit Kat",
                                    "descricao": "Snack de Chocolate de Leite Kit Kat",
                                    "preco": "0,99€",
                                    "preco_antigo": null,
                                    "quantidade": "emb. 41,5 gr",
                                    "precoPorQuantidade": "24,15€/kg",
                                    "link": "https://www.continente.pt/produto/snack-de-chocolate-de-leite-kit-kat-kit-kat-5762193.html?cgid=mercearias-chocolates-snacks",
                                    "imagem": "https://www.continente.pt/dw/image/v2/BDVS_PRD/on/demandware.static/-/Sites-col-master-catalog/default/dw6fda7722/images/col/576/5762193-hero.jpg?sw=280&sh=280"
                                },
                                {
                                    "marca": "Kit Kat",
                                    "descricao": "Snack de Chocolate Negro 70% Cacau Kit Kat",
                                    "preco": "0,99€",
                                    "preco_antigo": null,
                                    "quantidade": "emb. 41.5 gr",
                                    "precoPorQuantidade": "24,15€/kg",
                                    "link": "https://www.continente.pt/produto/snack-de-chocolate-negro-70--cacau-kit-kat-kit-kat-5911975.html?cgid=mercearias-chocolates-snacks",
                                    "imagem": "https://www.continente.pt/dw/image/v2/BDVS_PRD/on/demandware.static/-/Sites-col-master-catalog/default/dw17c4458d/images/col/591/5911975-hero.jpg?sw=280&sh=280"
                                },
                                {
                                    "marca": "Kinder",
                                    "descricao": "Snack de Chocolate Happy Hippo",
                                    "preco": "2,49€",
                                    "preco_antigo": null,
                                    "quantidade": "emb. 5 un",
                                    "precoPorQuantidade": "24,17€/kg",
                                    "link": "https://www.continente.pt/produto/snack-de-chocolate-happy-hippo-kinder-2982954.html?cgid=mercearias-chocolates-snacks",
                                    "imagem": "https://www.continente.pt/dw/image/v2/BDVS_PRD/on/demandware.static/-/Sites-col-master-catalog/default/dw980740ab/images/col/298/2982954-esquerdo.jpg?sw=280&sh=280"
                                },
                                {
                                    "marca": "Kit Kat",
                                    "descricao": "Snack de Chocolate de Leite Kit Kat Chunky",
                                    "preco": "0,99€",
                                    "preco_antigo": null,
                                    "quantidade": "emb. 40 gr",
                                    "precoPorQuantidade": "24,75€/kg",
                                    "link": "https://www.continente.pt/produto/snack-de-chocolate-de-leite-kit-kat-chunky-kit-kat-5824253.html?cgid=mercearias-chocolates-snacks",
                                    "imagem": "https://www.continente.pt/dw/image/v2/BDVS_PRD/on/demandware.static/-/Sites-col-master-catalog/default/dw0498c283/images/col/582/5824253-hero.jpg?sw=280&sh=280"
                                },
                                {
                                    "marca": "Cadbury",
                                    "descricao": "Snack de Chocolate Crunchie",
                                    "preco": "0,99€",
                                    "preco_antigo": null,
                                    "quantidade": "emb. 40 gr",
                                    "precoPorQuantidade": "24,75€/kg",
                                    "link": "https://www.continente.pt/produto/snack-de-chocolate-crunchie-cadbury-4959245.html?cgid=mercearias-chocolates-snacks",
                                    "imagem": "https://www.continente.pt/dw/image/v2/BDVS_PRD/on/demandware.static/-/Sites-col-master-catalog/default/dw6831ef8f/images/col/495/4959245-frente.jpg?sw=280&sh=280"
                                },
                                {
                                    "marca": "Regina",
                                    "descricao": "Tablete de Chocolate com Sabor a Fruta",
                                    "preco": "1,49€",
                                    "preco_antigo": null,
                                    "quantidade": "emb. 3 x 20 gr",
                                    "precoPorQuantidade": "24,83€/kg",
                                    "link": "https://www.continente.pt/produto/tablete-de-chocolate-com-sabor-a-fruta-regina-2810381.html?cgid=mercearias-chocolates-snacks",
                                    "imagem": "https://www.continente.pt/dw/image/v2/BDVS_PRD/on/demandware.static/-/Sites-col-master-catalog/default/dw90fb8758/images/col/281/2810381-frente.jpg?sw=280&sh=280"
                                },
                                {
                                    "marca": "Toblerone",
                                    "descricao": "Snack de Chocolate Negro, Mel e Amêndoa",
                                    "preco": "2,49€",
                                    "preco_antigo": null,
                                    "quantidade": "emb. 100 gr",
                                    "precoPorQuantidade": "24,90€/kg",
                                    "link": "https://www.continente.pt/produto/snack-de-chocolate-negro-mel-e-amendoa-toblerone-2005661.html?cgid=mercearias-chocolates-snacks",
                                    "imagem": "https://www.continente.pt/dw/image/v2/BDVS_PRD/on/demandware.static/-/Sites-col-master-catalog/default/dw840b77b4/images/col/200/2005661-direito.jpg?sw=280&sh=280"
                                },
                                {
                                    "marca": "Maltesers",
                                    "descricao": "Drageias de Chocolate",
                                    "preco": "3,69€",
                                    "preco_antigo": null,
                                    "quantidade": "emb. 148,5 gr",
                                    "precoPorQuantidade": "24,93€/kg",
                                    "link": "https://www.continente.pt/produto/drageias-de-chocolate-maltesers-7504704.html?cgid=mercearias-chocolates-snacks",
                                    "imagem": "https://www.continente.pt/dw/image/v2/BDVS_PRD/on/demandware.static/-/Sites-col-master-catalog/default/dw6ff3f156/images/col/750/7504704-hero.jpg?sw=280&sh=280"
                                },
                                {
                                    "marca": "Kinder",
                                    "descricao": "Snack de Chocolate Kinder Bueno",
                                    "preco": "1,09€",
                                    "preco_antigo": null,
                                    "quantidade": "emb. 43 gr",
                                    "precoPorQuantidade": "25,35€/kg",
                                    "link": "https://www.continente.pt/produto/snack-de-chocolate-kinder-bueno-kinder-2627784.html?cgid=mercearias-chocolates-snacks",
                                    "imagem": "https://www.continente.pt/dw/image/v2/BDVS_PRD/on/demandware.static/-/Sites-col-master-catalog/default/dw24cf954f/images/col/262/2627784-frente.jpg?sw=280&sh=280"
                                },
                                {
                                    "marca": "Toblerone",
                                    "descricao": "Snack de Chocolate de Leite com Nougat Mel e Amêndoa",
                                    "preco": "0,89€",
                                    "preco_antigo": null,
                                    "quantidade": "emb. 35 gr",
                                    "precoPorQuantidade": "25,43€/kg",
                                    "link": "https://www.continente.pt/produto/snack-de-chocolate-de-leite-com-nougat-mel-e-amendoa-toblerone-5124588.html?cgid=mercearias-chocolates-snacks",
                                    "imagem": "https://www.continente.pt/dw/image/v2/BDVS_PRD/on/demandware.static/-/Sites-col-master-catalog/default/dwe387d2cc/images/col/512/5124588-direito.jpg?sw=280&sh=280"
                                },
                                {
                                    "marca": "Maltesers",
                                    "descricao": "Drageias de Chocolate",
                                    "preco": "2,19€",
                                    "preco_antigo": null,
                                    "quantidade": "emb. 85 gr",
                                    "precoPorQuantidade": "25,76€/kg",
                                    "link": "https://www.continente.pt/produto/drageias-de-chocolate-maltesers-5310481.html?cgid=mercearias-chocolates-snacks",
                                    "imagem": "https://www.continente.pt/dw/image/v2/BDVS_PRD/on/demandware.static/-/Sites-col-master-catalog/default/dwe0864500/images/col/531/5310481-frente.jpg?sw=280&sh=280"
                                },
                                {
                                    "marca": "Nestlé",
                                    "descricao": "Snack de Chocolate de Leite Toffee Crisp",
                                    "preco": "0,99€",
                                    "preco_antigo": null,
                                    "quantidade": "emb. 38 gr",
                                    "precoPorQuantidade": "26,05€/kg",
                                    "link": "https://www.continente.pt/produto/snack-de-chocolate-de-leite-toffee-crisp-nestle-5505313.html?cgid=mercearias-chocolates-snacks",
                                    "imagem": "https://www.continente.pt/dw/image/v2/BDVS_PRD/on/demandware.static/-/Sites-col-master-catalog/default/dw32ff4293/images/col/550/5505313-frente.jpg?sw=280&sh=280"
                                },
                                {
                                    "marca": "Kit Kat",
                                    "descricao": "Snack de Chocolate de Leite, Amendoim e Milho Kit Kat Pops",
                                    "preco": "2,89€",
                                    "preco_antigo": null,
                                    "quantidade": "emb. 110 gr",
                                    "precoPorQuantidade": "26,27€/kg",
                                    "link": "https://www.continente.pt/produto/snack-de-chocolate-de-leite-amendoim-e-milho-kit-kat-pops-kit-kat-7244116.html?cgid=mercearias-chocolates-snacks",
                                    "imagem": "https://www.continente.pt/dw/image/v2/BDVS_PRD/on/demandware.static/-/Sites-col-master-catalog/default/dw8e93c36c/images/col/724/7244116-hero.jpg?sw=280&sh=280"
                                },
                                {
                                    "marca": "Kit Kat",
                                    "descricao": "Snack de Chocolate de Leite Kit Kat Pops",
                                    "preco": "2,89€",
                                    "preco_antigo": null,
                                    "quantidade": "emb. 110 gr",
                                    "precoPorQuantidade": "26,27€/kg",
                                    "link": "https://www.continente.pt/produto/snack-de-chocolate-de-leite-kit-kat-pops-kit-kat-7244117.html?cgid=mercearias-chocolates-snacks",
                                    "imagem": "https://www.continente.pt/dw/image/v2/BDVS_PRD/on/demandware.static/-/Sites-col-master-catalog/default/dwa89ac8e0/images/col/724/7244117-hero.jpg?sw=280&sh=280"
                                },
                                {
                                    "marca": "Kit Kat",
                                    "descricao": "Snack de Chocolate de Leite e Avelãs com Pedaços de Favas de Cacau Kit Kat Pops",
                                    "preco": "€2,89€",
                                    "preco_antigo": null,
                                    "quantidade": "emb. 110 gr",
                                    "precoPorQuantidade": "26,27€/kg",
                                    "link": "https://www.continente.pt/produto/snack-de-chocolate-de-leite-e-avelas-com-pedacos-de-favas-de-cacau-kit-kat-pops-kit-kat-7244118.html?cgid=mercearias-chocolates-snacks",
                                    "imagem": "https://www.continente.pt/dw/image/v2/BDVS_PRD/on/demandware.static/-/Sites-col-master-catalog/default/dwda51f3ed/images/col/724/7244118-hero.jpg?sw=280&sh=280"
                                },
                                {
                                    "marca": "Not Guilty",
                                    "descricao": "Snack de Chocolate Negro com Amendoim 50% Cacau",
                                    "preco": "0,79€",
                                    "preco_antigo": null,
                                    "quantidade": "emb. 30 gr",
                                    "precoPorQuantidade": "26,33€/kg",
                                    "link": "https://www.continente.pt/produto/snack-de-chocolate-negro-com-amendoim-50--cacau-not-guilty-7329339.html?cgid=mercearias-chocolates-snacks",
                                    "imagem": "https://www.continente.pt/dw/image/v2/BDVS_PRD/on/demandware.static/-/Sites-col-master-catalog/default/dwc483dd58/images/col/732/7329339-frente.jpg?sw=280&sh=280"
                                },
                                {
                                    "marca": "Not Guilty",
                                    "descricao": "Snack de Chocolate Negro com Cajú 50% Cacau",
                                    "preco": "0,79€",
                                    "preco_antigo": null,
                                    "quantidade": "emb. 30 gr",
                                    "precoPorQuantidade": "26,33€/kg",
                                    "link": "https://www.continente.pt/produto/snack-de-chocolate-negro-com-caju-50--cacau-not-guilty-7329336.html?cgid=mercearias-chocolates-snacks",
                                    "imagem": "https://www.continente.pt/dw/image/v2/BDVS_PRD/on/demandware.static/-/Sites-col-master-catalog/default/dwdede9473/images/col/732/7329336-frente.jpg?sw=280&sh=280"
                                },
                                {
                                    "marca": "Not Guilty",
                                    "descricao": "Snack de Chocolate Negro com Amêndoa 50% Cacau",
                                    "preco": "0,79€",
                                    "preco_antigo": null,
                                    "quantidade": "emb. 30 gr",
                                    "precoPorQuantidade": "26,33€/kg",
                                    "link": "https://www.continente.pt/produto/snack-de-chocolate-negro-com-amendoa-50--cacau-not-guilty-7329338.html?cgid=mercearias-chocolates-snacks",
                                    "imagem": "https://www.continente.pt/dw/image/v2/BDVS_PRD/on/demandware.static/-/Sites-col-master-catalog/default/dw43e2a9a7/images/col/732/7329338-frente.jpg?sw=280&sh=280"
                                },
                                {
                                    "marca": "Not Guilty",
                                    "descricao": "Snack de Chocolate Negro com Avelã 50% Cacau",
                                    "preco": "0,79€",
                                    "preco_antigo": null,
                                    "quantidade": "emb. 30 gr",
                                    "precoPorQuantidade": "26,33€/kg",
                                    "link": "https://www.continente.pt/produto/snack-de-chocolate-negro-com-avela-50--cacau-not-guilty-7329337.html?cgid=mercearias-chocolates-snacks",
                                    "imagem": "https://www.continente.pt/dw/image/v2/BDVS_PRD/on/demandware.static/-/Sites-col-master-catalog/default/dw7f0384f7/images/col/732/7329337-frente.jpg?sw=280&sh=280"
                                },
                                {
                                    "marca": "Milka",
                                    "descricao": "Tablete de Oreo",
                                    "preco": "0,99€",
                                    "preco_antigo": null,
                                    "quantidade": "emb. 37 gr",
                                    "precoPorQuantidade": "26,76€ /kg",
                                    "link": "https://www.continente.pt/produto/tablete-de-oreo-milka-6167511.html?cgid=mercearias-chocolates-snacks",
                                    "imagem": "https://www.continente.pt/dw/image/v2/BDVS_PRD/on/demandware.static/-/Sites-col-master-catalog/default/dw48415f63/images/col/616/6167511-frente.jpg?sw=280&sh=280"
                                },
                                {
                                    "marca": "Kinder",
                                    "descricao": "Snack de Chocolate Kinder Bueno White",
                                    "preco": "1,09€",
                                    "preco_antigo": null,
                                    "quantidade": "emb. 39 gr",
                                    "precoPorQuantidade": "27,95€/kg",
                                    "link": "https://www.continente.pt/produto/snack-de-chocolate-kinder-bueno-white-kinder-4714164.html?cgid=mercearias-chocolates-snacks",
                                    "imagem": "https://www.continente.pt/dw/image/v2/BDVS_PRD/on/demandware.static/-/Sites-col-master-catalog/default/dw42213d1b/images/col/471/4714164-frente.jpg?sw=280&sh=280"
                                },
                                {
                                    "marca": "Maltesers",
                                    "descricao": "Drageias de Chocolate",
                                    "preco": "1,05€",
                                    "preco_antigo": null,
                                    "quantidade": "emb. 37 gr",
                                    "precoPorQuantidade": "28,38€/kg",
                                    "link": "https://www.continente.pt/produto/drageias-de-chocolate-maltesers-2283244.html?cgid=mercearias-chocolates-snacks",
                                    "imagem": "https://www.continente.pt/dw/image/v2/BDVS_PRD/on/demandware.static/-/Sites-col-master-catalog/default/dw7fcde0e5/images/col/228/2283244-frente.jpg?sw=280&sh=280"
                                },
                                {
                                    "marca": "Reeses",
                                    "descricao": "Chocolate Nutrageous",
                                    "preco": "1,39€",
                                    "preco_antigo": null,
                                    "quantidade": "emb. 47 gr",
                                    "precoPorQuantidade": "29,57€/kg",
                                    "link": "https://www.continente.pt/produto/chocolate-nutrageous-reeses-7386769.html?cgid=mercearias-chocolates-snacks",
                                    "imagem": "https://www.continente.pt/dw/image/v2/BDVS_PRD/on/demandware.static/-/Sites-col-master-catalog/default/dwdea4b7c3/images/col/738/7386769-frente.jpg?sw=280&sh=280"
                                },
                                {
                                    "marca": "M&M's",
                                    "descricao": "Snack de Chocolate de Leite e Amendoim",
                                    "preco": "1,05€",
                                    "preco_antigo": null,
                                    "quantidade": "emb. 34 gr",
                                    "precoPorQuantidade": "30,88€/kg",
                                    "link": "https://www.continente.pt/produto/snack-de-chocolate-de-leite-e-amendoim-m-ms-7450626.html?cgid=mercearias-chocolates-snacks",
                                    "imagem": "https://www.continente.pt/dw/image/v2/BDVS_PRD/on/demandware.static/-/Sites-col-master-catalog/default/dwa2c2a34f/images/col/745/7450626-frente.jpg?sw=280&sh=280"
                                },
                                {
                                    "marca": "M&M's",
                                    "descricao": "Snack de Chocolate de Leite e Arroz Tufado",
                                    "preco": "1,05€",
                                    "preco_antigo": null,
                                    "quantidade": "emb. 31 gr",
                                    "precoPorQuantidade": "33,87€/kg",
                                    "link": "https://www.continente.pt/produto/snack-de-chocolate-de-leite-e-arroz-tufado-m-ms-7450708.html?cgid=mercearias-chocolates-snacks",
                                    "imagem": "https://www.continente.pt/dw/image/v2/BDVS_PRD/on/demandware.static/-/Sites-col-master-catalog/default/dw58c3437d/images/col/745/7450708-frente.jpg?sw=280&sh=280"
                                },
                                {
                                    "marca": "Regina",
                                    "descricao": "Sombrinhas de Chocolate de Leite",
                                    "preco": "0,51€",
                                    "preco_antigo": null,
                                    "quantidade": "emb. 15 gr",
                                    "precoPorQuantidade": "34,00€/kg",
                                    "link": "https://www.continente.pt/produto/sombrinhas-de-chocolate-de-leite-regina-3800773.html?cgid=mercearias-chocolates-snacks",
                                    "imagem": "https://www.continente.pt/dw/image/v2/BDVS_PRD/on/demandware.static/-/Sites-col-master-catalog/default/dwc44637c5/images/col/380/3800773-frente.jpg?sw=280&sh=280"
                                },
                                {
                                    "marca": "Pintarolas",
                                    "descricao": "Drageias Pintarolas Superwings",
                                    "preco": "0,79€",
                                    "preco_antigo": null,
                                    "quantidade": "emb. 22 gr",
                                    "precoPorQuantidade": "35,91€/kg",
                                    "link": "https://www.continente.pt/produto/drageias-pintarolas-superwings-pintarolas-7520712.html?cgid=mercearias-chocolates-snacks",
                                    "imagem": "https://www.continente.pt/dw/image/v2/BDVS_PRD/on/demandware.static/-/Sites-col-master-catalog/default/dw4622c814/images/col/752/7520712-frente.jpg?sw=280&sh=280"
                                },
                                {
                                    "marca": "Lacasitos",
                                    "descricao": "Drageias de Chocolate com Estojo Escolar",
                                    "preco": "3,14€",
                                    "preco_antigo": null,
                                    "quantidade": "emb. 4 x 20 gr",
                                    "precoPorQuantidade": "39,25€/kg",
                                    "link": "https://www.continente.pt/produto/drageias-de-chocolate-com-estojo-escolar-lacasitos-5357991.html?cgid=mercearias-chocolates-snacks",
                                    "imagem": "https://www.continente.pt/dw/image/v2/BDVS_PRD/on/demandware.static/-/Sites-col-master-catalog/default/dwc5f990b4/images/col/535/5357991-esquerdo.jpg?sw=280&sh=280"
                                },
                                {
                                    "marca": "Mauri",
                                    "descricao": "Sombrinhas de Chocolate",
                                    "preco": "1,59€",
                                    "preco_antigo": null,
                                    "quantidade": "emb. 35 gr",
                                    "precoPorQuantidade": "45,43€/kg",
                                    "link": "https://www.continente.pt/produto/sombrinhas-de-chocolate-mauri-4114224.html?cgid=mercearias-chocolates-snacks",
                                    "imagem": "https://www.continente.pt/dw/image/v2/BDVS_PRD/on/demandware.static/-/Sites-col-master-catalog/default/dw5e5ada74/images/col/411/4114224-frente.jpg?sw=280&sh=280"
                                },
                                {
                                    "marca": "Be-Kind",
                                    "descricao": "Barra de Chocolate Negro e Manteiga de Amendoim",
                                    "preco": "1,99€",
                                    "preco_antigo": null,
                                    "quantidade": "emb. 40 gr",
                                    "precoPorQuantidade": "49,75€/kg",
                                    "link": "https://www.continente.pt/produto/barra-de-chocolate-negro-e-manteiga-de-amendoim-be-kind-6927042.html?cgid=mercearias-chocolates-snacks",
                                    "imagem": "https://www.continente.pt/dw/image/v2/BDVS_PRD/on/demandware.static/-/Sites-col-master-catalog/default/dw6e857e80/images/col/692/6927042-frente.jpg?sw=280&sh=280"
                                },
                                {
                                    "marca": "Kinder",
                                    "descricao": "Ovo de Chocolate Kinder Joy T1 Kinder Joy",
                                    "preco": "1,45€",
                                    "preco_antigo": null,
                                    "quantidade": "emb. 20 gr",
                                    "precoPorQuantidade": "72,50€/kg",
                                    "link": "https://www.continente.pt/produto/ovo-de-chocolate-kinder-joy-t1-kinder-joy-kinder-2830189.html?cgid=mercearias-chocolates-snacks",
                                    "imagem": "https://www.continente.pt/dw/image/v2/BDVS_PRD/on/demandware.static/-/Sites-col-master-catalog/default/dwee14ca47/images/col/283/2830189-frente.jpg?sw=280&sh=280"
                                },
                                {
                                    "marca": "Lacasitos",
                                    "descricao": "Drageias Lápis",
                                    "preco": "1,49€",
                                    "preco_antigo": null,
                                    "quantidade": "emb. 20 gr",
                                    "precoPorQuantidade": "74,50€/kg",
                                    "link": "https://www.continente.pt/produto/drageias-lapis-lacasitos-3799911.html?cgid=mercearias-chocolates-snacks",
                                    "imagem": "https://www.continente.pt/dw/image/v2/BDVS_PRD/on/demandware.static/-/Sites-col-master-catalog/default/dwfc97241f/images/col/379/3799911-frente.jpg?sw=280&sh=280"
                                },
                                {
                                    "marca": "Lacasitos",
                                    "descricao": "Drageias de Chocolate Toy Patrulha",
                                    "preco": "1,64€",
                                    "preco_antigo": null,
                                    "quantidade": "emb. 20 gr",
                                    "precoPorQuantidade": "82,00€/kg",
                                    "link": "https://www.continente.pt/produto/drageias-de-chocolate-toy-patrulha-lacasitos-6589979.html?cgid=mercearias-chocolates-snacks",
                                    "imagem": "https://www.continente.pt/dw/image/v2/BDVS_PRD/on/demandware.static/-/Sites-col-master-catalog/default/dw8e121e7e/images/col/658/6589979-frente.jpg?sw=280&sh=280"
                                }
                            ]
                        },
                        {
                            "name": "Gomas, Pastilhas e Rebuçados",
                            "items": [
                                {
                                    "marca": "Trident",
                                    "descricao": "Pastilhas Elásticas Peppermint Sem Açúcar",
                                    "preco": "1,49€",
                                    "preco_antigo": null,
                                    "quantidade": "emb. 82,6 gr",
                                    "precoPorQuantidade": "1,49€/kg",
                                    "link": "https://www.continente.pt/produto/pastilhas-elasticas-peppermint-sem-acucar-trident-6212796.html?cgid=mercearias-chocolates-gomas",
                                    "imagem": "https://www.continente.pt/dw/image/v2/BDVS_PRD/on/demandware.static/-/Sites-col-master-catalog/default/dw42e3160f/images/col/621/6212796-frente.jpg?sw=280&sh=280"
                                },
                                {
                                    "marca": "Continente",
                                    "descricao": "Rebuçados de Mentol",
                                    "preco": "0,99€",
                                    "preco_antigo": null,
                                    "quantidade": "emb. 250 gr",
                                    "precoPorQuantidade": "3,96€ /kg",
                                    "link": "https://www.continente.pt/produto/rebucados-de-mentol-continente-6591187.html?cgid=mercearias-chocolates-gomas",
                                    "imagem": "https://www.continente.pt/dw/image/v2/BDVS_PRD/on/demandware.static/-/Sites-col-master-catalog/default/dw1ee34b87/images/col/659/6591187-frente.jpg?sw=280&sh=280"
                                },
                                {
                                    "marca": "Continente Infantil",
                                    "descricao": "Gomas Sortido Brilho sem Glúten",
                                    "preco": "1,19€",
                                    "preco_antigo": null,
                                    "quantidade": "emb. 300 gr",
                                    "precoPorQuantidade": "3,97€/kg",
                                    "link": "https://www.continente.pt/produto/gomas-sortido-brilho-sem-gluten-continente-infantil-7324671.html?cgid=mercearias-chocolates-gomas",
                                    "imagem": "https://www.continente.pt/dw/image/v2/BDVS_PRD/on/demandware.static/-/Sites-col-master-catalog/default/dw914de907/images/col/732/7324671-frente.jpg?sw=280&sh=280"
                                },
                                {
                                    "marca": "Continente Infantil",
                                    "descricao": "Gomas Ursinhos sem Glúten",
                                    "preco": "1,19€",
                                    "preco_antigo": null,
                                    "quantidade": "emb. 300 gr",
                                    "precoPorQuantidade": "3,97€/kg",
                                    "link": "https://www.continente.pt/produto/gomas-ursinhos-sem-gluten-continente-infantil-7324691.html?cgid=mercearias-chocolates-gomas",
                                    "imagem": "https://www.continente.pt/dw/image/v2/BDVS_PRD/on/demandware.static/-/Sites-col-master-catalog/default/dw9c4c33c3/images/col/732/7324691-frente.jpg?sw=280&sh=280"
                                },
                                {
                                    "marca": "Continente Infantil",
                                    "descricao": "Gomas Colas Brilho sem Glúten",
                                    "preco": "1,19€",
                                    "preco_antigo": null,
                                    "quantidade": "emb. 300 gr",
                                    "precoPorQuantidade": "3,97€/kg",
                                    "link": "https://www.continente.pt/produto/gomas-colas-brilho-sem-gluten-continente-infantil-7327118.html?cgid=mercearias-chocolates-gomas",
                                    "imagem": "https://www.continente.pt/dw/image/v2/BDVS_PRD/on/demandware.static/-/Sites-col-master-catalog/default/dw81ecaa55/images/col/732/7327118-frente.jpg?sw=280&sh=280"
                                },
                                {
                                    "marca": "Continente Gumball",
                                    "descricao": "Gomas Minhocas",
                                    "preco": "1,19€",
                                    "preco_antigo": null,
                                    "quantidade": "emb. 300 gr",
                                    "precoPorQuantidade": "3,97€/kg",
                                    "link": "https://www.continente.pt/produto/gomas-minhocas-continente-gumball-7324746.html?cgid=mercearias-chocolates-gomas",
                                    "imagem": "https://www.continente.pt/dw/image/v2/BDVS_PRD/on/demandware.static/-/Sites-col-master-catalog/default/dw0ba6f35b/images/col/732/7324746-frente.jpg?sw=280&sh=280"
                                },
                                {
                                    "marca": "Continente Gumball",
                                    "descricao": "Gomas Sortidas Brilho",
                                    "preco": "2,09€",
                                    "preco_antigo": null,
                                    "quantidade": "emb. 500 gr",
                                    "precoPorQuantidade": "4,18€/kg",
                                    "link": "https://www.continente.pt/produto/gomas-sortidas-brilho-continente-gumball-7324748.html?cgid=mercearias-chocolates-gomas",
                                    "imagem": "https://www.continente.pt/dw/image/v2/BDVS_PRD/on/demandware.static/-/Sites-col-master-catalog/default/dw398953e7/images/col/732/7324748-cima.jpg?sw=280&sh=280"
                                },
                                {
                                    "marca": "Continente",
                                    "descricao": "Rebuçados Lágrimas de Neve",
                                    "preco": "2,29€",
                                    "preco_antigo": null,
                                    "quantidade": "emb. 500 gr",
                                    "precoPorQuantidade": "4,58€/kg",
                                    "link": "https://www.continente.pt/produto/rebucados-lagrimas-de-neve-continente-5240459.html?cgid=mercearias-chocolates-gomas",
                                    "imagem": "https://www.continente.pt/dw/image/v2/BDVS_PRD/on/demandware.static/-/Sites-col-master-catalog/default/dw572caf51/images/col/524/5240459-cima.jpg?sw=280&sh=280"
                                },
                                {
                                    "marca": "Continente",
                                    "descricao": "Drops Recheio de Morango sem Açúcar",
                                    "preco": "1,19€",
                                    "preco_antigo": null,
                                    "quantidade": "emb. 250 gr",
                                    "precoPorQuantidade": "4,76€/kg",
                                    "link": "https://www.continente.pt/produto/drops-recheio-de-morango-sem-acucar-continente-6364892.html?cgid=mercearias-chocolates-gomas",
                                    "imagem": "https://www.continente.pt/dw/image/v2/BDVS_PRD/on/demandware.static/-/Sites-col-master-catalog/default/dw16fa3337/images/col/636/6364892-cima.jpg?sw=280&sh=280"
                                },
                                {
                                    "marca": "Continente",
                                    "descricao": "Caramelos de Leite",
                                    "preco": "1,19€",
                                    "preco_antigo": null,
                                    "quantidade": "emb. 250 gr",
                                    "precoPorQuantidade": "4,76€/kg",
                                    "link": "https://www.continente.pt/produto/caramelos-de-leite-continente-6987127.html?cgid=mercearias-chocolates-gomas",
                                    "imagem": "https://www.continente.pt/dw/image/v2/BDVS_PRD/on/demandware.static/-/Sites-col-master-catalog/default/dw14ad2502/images/col/698/6987127-frente.jpg?sw=280&sh=280"
                                },
                                {
                                    "marca": "Continente",
                                    "descricao": "Caramelos de Fruta",
                                    "preco": "1,19€",
                                    "preco_antigo": null,
                                    "quantidade": "emb. 250 gr",
                                    "precoPorQuantidade": "4,76€/kg",
                                    "link": "https://www.continente.pt/produto/caramelos-de-fruta-continente-6987112.html?cgid=mercearias-chocolates-gomas",
                                    "imagem": "https://www.continente.pt/dw/image/v2/BDVS_PRD/on/demandware.static/-/Sites-col-master-catalog/default/dw39e3c810/images/col/698/6987112-frente.jpg?sw=280&sh=280"
                                },
                                {
                                    "marca": "Continente",
                                    "descricao": "Drops Recheio com Fruta",
                                    "preco": "1,19€",
                                    "preco_antigo": null,
                                    "quantidade": "emb. 250 gr",
                                    "precoPorQuantidade": "4,76€/kg",
                                    "link": "https://www.continente.pt/produto/drops-recheio-com-fruta-continente-6364880.html?cgid=mercearias-chocolates-gomas",
                                    "imagem": "https://www.continente.pt/dw/image/v2/BDVS_PRD/on/demandware.static/-/Sites-col-master-catalog/default/dwccddf4f8/images/col/636/6364880-cima.jpg?sw=280&sh=280"
                                },
                                {
                                    "marca": "Continente",
                                    "descricao": "Drops Sabor a Fruta",
                                    "preco": "1,19€",
                                    "preco_antigo": null,
                                    "quantidade": "emb. 250 gr",
                                    "precoPorQuantidade": "4,76€/kg",
                                    "link": "https://www.continente.pt/produto/drops-sabor-a-fruta-continente-6364869.html?cgid=mercearias-chocolates-gomas",
                                    "imagem": "https://www.continente.pt/dw/image/v2/BDVS_PRD/on/demandware.static/-/Sites-col-master-catalog/default/dwd675f18c/images/col/636/6364869-cima.jpg?sw=280&sh=280"
                                },
                                {
                                    "marca": "Continente Gumball",
                                    "descricao": "Gomas Açúcar Sortido",
                                    "preco": "2,39€",
                                    "preco_antigo": null,
                                    "quantidade": "emb. 500 gr",
                                    "precoPorQuantidade": "4,78€/kg",
                                    "link": "https://www.continente.pt/produto/gomas-acucar-sortido-continente-gumball-7324750.html?cgid=mercearias-chocolates-gomas",
                                    "imagem": "https://www.continente.pt/dw/image/v2/BDVS_PRD/on/demandware.static/-/Sites-col-master-catalog/default/dw1f309f07/images/col/732/7324750-cima.jpg?sw=280&sh=280"
                                },
                                {
                                    "marca": "Continente Infantil",
                                    "descricao": "Gomas Ácidas Tiras",
                                    "preco": "1,49€",
                                    "preco_antigo": null,
                                    "quantidade": "emb. 300 gr",
                                    "precoPorQuantidade": "4,97€/kg",
                                    "link": "https://www.continente.pt/produto/gomas-acidas-tiras-continente-infantil-7327119.html?cgid=mercearias-chocolates-gomas",
                                    "imagem": "https://www.continente.pt/dw/image/v2/BDVS_PRD/on/demandware.static/-/Sites-col-master-catalog/default/dw477fb0c8/images/col/732/7327119-cima.jpg?sw=280&sh=280"
                                },
                                {
                                    "marca": "Continente Infantil",
                                    "descricao": "Gomas Sortido Ácido sem Glúten",
                                    "preco": "1,49€",
                                    "preco_antigo": null,
                                    "quantidade": "emb. 300 gr",
                                    "precoPorQuantidade": "4,97€/kg",
                                    "link": "https://www.continente.pt/produto/gomas-sortido-acido-sem-gluten-continente-infantil-7324686.html?cgid=mercearias-chocolates-gomas",
                                    "imagem": "https://www.continente.pt/dw/image/v2/BDVS_PRD/on/demandware.static/-/Sites-col-master-catalog/default/dw8d027186/images/col/732/7324686-frente.jpg?sw=280&sh=280"
                                },
                                {
                                    "marca": "Continente Infantil",
                                    "descricao": "Gomas Amoras sem Glúten",
                                    "preco": "1,49€",
                                    "preco_antigo": null,
                                    "quantidade": "emb. 300 gr",
                                    "precoPorQuantidade": "4,97€/kg",
                                    "link": "https://www.continente.pt/produto/gomas-amoras-sem-gluten-continente-infantil-7327120.html?cgid=mercearias-chocolates-gomas",
                                    "imagem": "https://www.continente.pt/dw/image/v2/BDVS_PRD/on/demandware.static/-/Sites-col-master-catalog/default/dw7006a38b/images/col/732/7327120-frente.jpg?sw=280&sh=280"
                                },
                                {
                                    "marca": "Continente Infantil",
                                    "descricao": "Gomas Tijolos",
                                    "preco": "1,49€",
                                    "preco_antigo": null,
                                    "quantidade": "emb. 300 gr",
                                    "precoPorQuantidade": "4,97€/kg",
                                    "link": "https://www.continente.pt/produto/gomas-tijolos-continente-infantil-7324628.html?cgid=mercearias-chocolates-gomas",
                                    "imagem": "https://www.continente.pt/dw/image/v2/BDVS_PRD/on/demandware.static/-/Sites-col-master-catalog/default/dw80a1f9f3/images/col/732/7324628-frente.jpg?sw=280&sh=280"
                                },
                                {
                                    "marca": "Continente Infantil",
                                    "descricao": "Gomas Sortido Açúcar sem Glúten",
                                    "preco": "1,49€",
                                    "preco_antigo": null,
                                    "quantidade": "emb. 300 gr",
                                    "precoPorQuantidade": "4,97€/kg",
                                    "link": "https://www.continente.pt/produto/gomas-sortido-acucar-sem-gluten-continente-infantil-7324689.html?cgid=mercearias-chocolates-gomas",
                                    "imagem": "https://www.continente.pt/dw/image/v2/BDVS_PRD/on/demandware.static/-/Sites-col-master-catalog/default/dw440ab054/images/col/732/7324689-frente.jpg?sw=280&sh=280"
                                },
                                {
                                    "marca": "Continente",
                                    "descricao": "Marshmallows Gumball",
                                    "preco": "1,59€",
                                    "preco_antigo": null,
                                    "quantidade": "emb. 300 gr",
                                    "precoPorQuantidade": "€5,30€/kg",
                                    "link": "https://www.continente.pt/produto/marshmallows-gumball-continente-7249214.html?cgid=mercearias-chocolates-gomas",
                                    "imagem": "https://www.continente.pt/dw/image/v2/BDVS_PRD/on/demandware.static/-/Sites-col-master-catalog/default/dw3dd2f11b/images/col/724/7249214-cima.jpg?sw=280&sh=280"
                                },
                                {
                                    "marca": "Continente",
                                    "descricao": "Rebuçados Peitorais",
                                    "preco": "1,09€",
                                    "preco_antigo": null,
                                    "quantidade": "emb. 200 gr",
                                    "precoPorQuantidade": "5,45€/kg",
                                    "link": "https://www.continente.pt/produto/rebucados-peitorais-continente-4311024.html?cgid=mercearias-chocolates-gomas",
                                    "imagem": "https://www.continente.pt/dw/image/v2/BDVS_PRD/on/demandware.static/-/Sites-col-master-catalog/default/dw81c9e073/images/col/431/4311024-cima.jpg?sw=280&sh=280"
                                },
                                {
                                    "marca": "Continente",
                                    "descricao": "Nougat",
                                    "preco": "0,99€",
                                    "preco_antigo": null,
                                    "quantidade": "emb. 6 x 30 gr",
                                    "precoPorQuantidade": "5,50€/kg",
                                    "link": "https://www.continente.pt/produto/nougat-continente-4229781.html?cgid=mercearias-chocolates-gomas",
                                    "imagem": "https://www.continente.pt/dw/image/v2/BDVS_PRD/on/demandware.static/-/Sites-col-master-catalog/default/dw0ea1256f/images/col/422/4229781-frente.jpg?sw=280&sh=280"
                                },
                                {
                                    "marca": "Continente",
                                    "descricao": "Rebuçados Diamantes",
                                    "preco": "2,79€",
                                    "preco_antigo": null,
                                    "quantidade": "emb. 500 gr",
                                    "precoPorQuantidade": "5,58€/kg",
                                    "link": "https://www.continente.pt/produto/rebucados-diamantes-continente-5218987.html?cgid=mercearias-chocolates-gomas",
                                    "imagem": "https://www.continente.pt/dw/image/v2/BDVS_PRD/on/demandware.static/-/Sites-col-master-catalog/default/dw0995cf12/images/col/521/5218987-cima.jpg?sw=280&sh=280"
                                },
                                {
                                    "marca": "Nazaré",
                                    "descricao": "Rebuçados de Mentol",
                                    "preco": "1,72€",
                                    "preco_antigo": null,
                                    "quantidade": "emb. 250 gr",
                                    "precoPorQuantidade": "6,88€/kg",
                                    "link": "https://www.continente.pt/produto/rebucados-de-mentol-nazare-2227816.html?cgid=mercearias-chocolates-gomas",
                                    "imagem": "https://www.continente.pt/dw/image/v2/BDVS_PRD/on/demandware.static/-/Sites-col-master-catalog/default/dwda6c2d97/images/col/222/2227816-frente.jpg?sw=280&sh=280"
                                },
                                {
                                    "marca": "Continente Infantil",
                                    "descricao": "Gomas Sortido Party Mix",
                                    "preco": "2,99€",
                                    "preco_antigo": null,
                                    "quantidade": "emb. 420 gr",
                                    "precoPorQuantidade": "7,12€/kg",
                                    "link": "https://www.continente.pt/produto/gomas-sortido-party-mix-continente-infantil-6043643.html?cgid=mercearias-chocolates-gomas",
                                    "imagem": "https://www.continente.pt/dw/image/v2/BDVS_PRD/on/demandware.static/-/Sites-col-master-catalog/default/dw7d449b31/images/col/604/6043643-cima.jpg?sw=280&sh=280"
                                },
                                {
                                    "marca": "Mouro",
                                    "descricao": "Rebuçados de Mentol",
                                    "preco": "1,79€",
                                    "preco_antigo": null,
                                    "quantidade": "emb. 250 gr",
                                    "precoPorQuantidade": "7,16€/kg",
                                    "link": "https://www.continente.pt/produto/rebucados-de-mentol-mouro-4017382.html?cgid=mercearias-chocolates-gomas",
                                    "imagem": "https://www.continente.pt/dw/image/v2/BDVS_PRD/on/demandware.static/-/Sites-col-master-catalog/default/dwa26683a9/images/col/401/4017382-frente.jpg?sw=280&sh=280"
                                },
                                {
                                    "marca": "Penha",
                                    "descricao": "Caramelos de Fruta",
                                    "preco": "3,89€",
                                    "preco_antigo": null,
                                    "quantidade": "emb. 500 gr",
                                    "precoPorQuantidade": "7,78€/kg",
                                    "link": "https://www.continente.pt/produto/caramelos-de-fruta-penha-2003832.html?cgid=mercearias-chocolates-gomas",
                                    "imagem": "https://www.continente.pt/dw/image/v2/BDVS_PRD/on/demandware.static/-/Sites-col-master-catalog/default/dw21d56a1b/images/col/200/2003832-esquerdo.jpg?sw=280&sh=280"
                                },
                                {
                                    "marca": "Penha",
                                    "descricao": "Caramelos de Fruta",
                                    "preco": "1,99€",
                                    "preco_antigo": null,
                                    "quantidade": "emb. 250 gr",
                                    "precoPorQuantidade": "7,96€/kg",
                                    "link": "https://www.continente.pt/produto/caramelos-de-fruta-penha-2003827.html?cgid=mercearias-chocolates-gomas",
                                    "imagem": "https://www.continente.pt/dw/image/v2/BDVS_PRD/on/demandware.static/-/Sites-col-master-catalog/default/dw6b60d048/images/col/200/2003827-frente.jpg?sw=280&sh=280"
                                },
                                {
                                    "marca": "Vieira",
                                    "descricao": "Rebuçados de Mentol",
                                    "preco": "1,99€",
                                    "preco_antigo": null,
                                    "quantidade": "emb. 250 gr",
                                    "precoPorQuantidade": "7,96€/kg",
                                    "link": "https://www.continente.pt/produto/rebucados-de-mentol-vieira-2061649.html?cgid=mercearias-chocolates-gomas",
                                    "imagem": "https://www.continente.pt/dw/image/v2/BDVS_PRD/on/demandware.static/-/Sites-col-master-catalog/default/dw0f0f64e0/images/col/206/2061649-frente.jpg?sw=280&sh=280"
                                },
                                {
                                    "marca": "Interdoces",
                                    "descricao": "Gomas Açúcar Sortido",
                                    "preco": "1,26€",
                                    "preco_antigo": null,
                                    "quantidade": "emb. 150 gr",
                                    "precoPorQuantidade": "8,40€/kg",
                                    "link": "https://www.continente.pt/produto/gomas-acucar-sortido-interdoces-4491886.html?cgid=mercearias-chocolates-gomas",
                                    "imagem": "https://www.continente.pt/dw/image/v2/BDVS_PRD/on/demandware.static/-/Sites-col-master-catalog/default/dw068d3c07/images/col/449/4491886-frente.jpg?sw=280&sh=280"
                                },
                                {
                                    "marca": "Interdoces",
                                    "descricao": "Gomas Tijolos Brancos",
                                    "preco": "1,26€",
                                    "preco_antigo": null,
                                    "quantidade": "emb. 150 gr",
                                    "precoPorQuantidade": "8,40€/kg",
                                    "link": "https://www.continente.pt/produto/gomas-tijolos-brancos-interdoces-4768568.html?cgid=mercearias-chocolates-gomas",
                                    "imagem": "https://www.continente.pt/dw/image/v2/BDVS_PRD/on/demandware.static/-/Sites-col-master-catalog/default/dw322b99a2/images/col/476/4768568-frente.jpg?sw=280&sh=280"
                                },
                                {
                                    "marca": "Vidal",
                                    "descricao": "Gomas Regaliz Pica",
                                    "preco": "3,39€",
                                    "preco_antigo": null,
                                    "quantidade": "emb. 400 gr",
                                    "precoPorQuantidade": "8,48€/kg",
                                    "link": "https://www.continente.pt/produto/gomas-regaliz-pica-vidal-2442922.html?cgid=mercearias-chocolates-gomas",
                                    "imagem": "https://www.continente.pt/dw/image/v2/BDVS_PRD/on/demandware.static/-/Sites-col-master-catalog/default/dw5148ea9c/images/col/244/2442922-frente.jpg?sw=280&sh=280"
                                },
                                {
                                    "marca": "Vidal",
                                    "descricao": "Gomas Sortidas de Frutas",
                                    "preco": "3,39€",
                                    "preco_antigo": null,
                                    "quantidade": "emb. 400 gr",
                                    "precoPorQuantidade": "8,48€/kg",
                                    "link": "https://www.continente.pt/produto/gomas-sortidas-de-frutas-vidal-2442915.html?cgid=mercearias-chocolates-gomas",
                                    "imagem": "https://www.continente.pt/dw/image/v2/BDVS_PRD/on/demandware.static/-/Sites-col-master-catalog/default/dw8a401ec0/images/col/244/2442915-frente.jpg?sw=280&sh=280"
                                },
                                {
                                    "marca": "Vidal",
                                    "descricao": "Gomas Morangos Selvagens Rech",
                                    "preco": "1,56€",
                                    "preco_antigo": null,
                                    "quantidade": "emb. 180 gr",
                                    "precoPorQuantidade": "8,67€/kg",
                                    "link": "https://www.continente.pt/produto/gomas-morangos-selvagens-rech-vidal-7443382.html?cgid=mercearias-chocolates-gomas",
                                    "imagem": "https://www.continente.pt/dw/image/v2/BDVS_PRD/on/demandware.static/-/Sites-col-master-catalog/default/dw795d0acf/images/col/744/7443382-frente.jpg?sw=280&sh=280"
                                },
                                {
                                    "marca": "Vidal",
                                    "descricao": "Gomas DoyPack Mini Mix Ácido",
                                    "preco": "1,56€",
                                    "preco_antigo": null,
                                    "quantidade": "emb. 180 gr",
                                    "precoPorQuantidade": "8,67€/kg",
                                    "link": "https://www.continente.pt/produto/gomas-doypack-mini-mix-acido-vidal-7443381.html?cgid=mercearias-chocolates-gomas",
                                    "imagem": "https://www.continente.pt/dw/image/v2/BDVS_PRD/on/demandware.static/-/Sites-col-master-catalog/default/dw52a747cc/images/col/744/7443381-frente.jpg?sw=280&sh=280"
                                },
                                {
                                    "marca": "Vidal",
                                    "descricao": "Gomas DoyPack Mini Mix Brilho",
                                    "preco": "1,56€",
                                    "preco_antigo": null,
                                    "quantidade": "emb. 180 gr",
                                    "precoPorQuantidade": "8,67€/kg",
                                    "link": "https://www.continente.pt/produto/gomas-doypack-mini-mix-brilho-vidal-7443380.html?cgid=mercearias-chocolates-gomas",
                                    "imagem": "https://www.continente.pt/dw/image/v2/BDVS_PRD/on/demandware.static/-/Sites-col-master-catalog/default/dw0f8dbd86/images/col/744/7443380-frente.jpg?sw=280&sh=280"
                                },
                                {
                                    "marca": "Vidal",
                                    "descricao": "Gomas DoyPack Morango Nata Rech",
                                    "preco": "1,56€",
                                    "preco_antigo": null,
                                    "quantidade": "emb. 180 gr",
                                    "precoPorQuantidade": "8,67€/kg",
                                    "link": "https://www.continente.pt/produto/gomas-doypack-morango-nata-rech-vidal-7443383.html?cgid=mercearias-chocolates-gomas",
                                    "imagem": "https://www.continente.pt/dw/image/v2/BDVS_PRD/on/demandware.static/-/Sites-col-master-catalog/default/dwf1826d35/images/col/744/7443383-frente.jpg?sw=280&sh=280"
                                },
                                {
                                    "marca": "Continente Infantil",
                                    "descricao": "Gomas Ácidas Tubos",
                                    "preco": "0,89€",
                                    "preco_antigo": null,
                                    "quantidade": "emb. 100 gr",
                                    "precoPorQuantidade": "8,90€/kg",
                                    "link": "https://www.continente.pt/produto/gomas-acidas-tubos-continente-infantil-7327117.html?cgid=mercearias-chocolates-gomas",
                                    "imagem": "https://www.continente.pt/dw/image/v2/BDVS_PRD/on/demandware.static/-/Sites-col-master-catalog/default/dw8e73e301/images/col/732/7327117-cima.jpg?sw=280&sh=280"
                                },
                                {
                                    "marca": "Villa",
                                    "descricao": "Rebuçados de Café Mini",
                                    "preco": "1,85€",
                                    "preco_antigo": null,
                                    "quantidade": "emb. 200 gr",
                                    "precoPorQuantidade": "9,25€/kg",
                                    "link": "https://www.continente.pt/produto/rebucados-de-cafe-mini-villa-4117164.html?cgid=mercearias-chocolates-gomas",
                                    "imagem": "https://www.continente.pt/dw/image/v2/BDVS_PRD/on/demandware.static/-/Sites-col-master-catalog/default/dw776daf70/images/col/411/4117164-frente.jpg?sw=280&sh=280"
                                },
                                {
                                    "marca": "Interdoces",
                                    "descricao": "Gomas Sortido",
                                    "preco": "9,35€",
                                    "preco_antigo": null,
                                    "quantidade": "emb. 1 kg",
                                    "precoPorQuantidade": "9,35€/kg",
                                    "link": "https://www.continente.pt/produto/gomas-sortido-interdoces-6210762.html?cgid=mercearias-chocolates-gomas",
                                    "imagem": "https://www.continente.pt/dw/image/v2/BDVS_PRD/on/demandware.static/-/Sites-col-master-catalog/default/dw0ac1e34b/images/col/621/6210762-frente.jpg?sw=280&sh=280"
                                },
                                {
                                    "marca": "Continente Infantil",
                                    "descricao": "Chupa-Chupas Party Mix Sortido",
                                    "preco": "1,39€",
                                    "preco_antigo": null,
                                    "quantidade": "emb. 143 gr",
                                    "precoPorQuantidade": "9,72€/kg",
                                    "link": "https://www.continente.pt/produto/chupa-chupas-party-mix-sortido-continente-infantil-6650559.html?cgid=mercearias-chocolates-gomas",
                                    "imagem": "https://www.continente.pt/dw/image/v2/BDVS_PRD/on/demandware.static/-/Sites-col-master-catalog/default/dw1d8b7955/images/col/665/6650559-frente.jpg?sw=280&sh=280"
                                },
                                {
                                    "marca": "Penha",
                                    "descricao": "Rebuçados com Recheio de Mel",
                                    "preco": "2,49€",
                                    "preco_antigo": null,
                                    "quantidade": "emb. 250 gr",
                                    "precoPorQuantidade": "9,96€/kg",
                                    "link": "https://www.continente.pt/produto/rebucados-com-recheio-de-mel-penha-5093499.html?cgid=mercearias-chocolates-gomas",
                                    "imagem": "https://www.continente.pt/dw/image/v2/BDVS_PRD/on/demandware.static/-/Sites-col-master-catalog/default/dwf503e6d0/images/col/509/5093499-frente.jpg?sw=280&sh=280"
                                },
                                {
                                    "marca": "Penha",
                                    "descricao": "Caramelos de Leite",
                                    "preco": "2,49€",
                                    "preco_antigo": null,
                                    "quantidade": "emb. 250 gr",
                                    "precoPorQuantidade": "9,96€/kg",
                                    "link": "https://www.continente.pt/produto/caramelos-de-leite-penha-2003840.html?cgid=mercearias-chocolates-gomas",
                                    "imagem": "https://www.continente.pt/dw/image/v2/BDVS_PRD/on/demandware.static/-/Sites-col-master-catalog/default/dw7885cb69/images/col/200/2003840-frente.jpg?sw=280&sh=280"
                                },
                                {
                                    "marca": "Continente",
                                    "descricao": "Rebuçados Peitorais Sem Adição de Açúcar",
                                    "preco": "1,19€",
                                    "preco_antigo": null,
                                    "quantidade": "emb. 115 gr",
                                    "precoPorQuantidade": "10,35€/kg",
                                    "link": "https://www.continente.pt/produto/rebucados-peitorais-sem-adicao-de-acucar-continente-7544034.html?cgid=mercearias-chocolates-gomas",
                                    "imagem": "https://www.continente.pt/dw/image/v2/BDVS_PRD/on/demandware.static/-/Sites-col-master-catalog/default/dw2677aa30/images/col/754/7544034-cima.jpg?sw=280&sh=280"
                                },
                                {
                                    "marca": "Haribo",
                                    "descricao": "Gomas Ositos Oro",
                                    "preco": "1,09€",
                                    "preco_antigo": null,
                                    "quantidade": "emb. 100 gr",
                                    "precoPorQuantidade": "10,90€/un",
                                    "link": "https://www.continente.pt/produto/gomas-ositos-oro-haribo-6664742.html?cgid=mercearias-chocolates-gomas",
                                    "imagem": "https://www.continente.pt/dw/image/v2/BDVS_PRD/on/demandware.static/-/Sites-col-master-catalog/default/dw8f8d3e9e/images/col/666/6664742-frente.jpg?sw=280&sh=280"
                                },
                                {
                                    "marca": "Haribo",
                                    "descricao": "Gomas Ositos de Oro",
                                    "preco": "1,09€",
                                    "preco_antigo": null,
                                    "quantidade": "emb. 100 gr",
                                    "precoPorQuantidade": "10,90€/kg",
                                    "link": "https://www.continente.pt/produto/gomas-ositos-de-oro-haribo-4113537.html?cgid=mercearias-chocolates-gomas",
                                    "imagem": "https://www.continente.pt/dw/image/v2/BDVS_PRD/on/demandware.static/-/Sites-col-master-catalog/default/dwfcd1283e/images/col/411/4113537-frente.jpg?sw=280&sh=280"
                                },
                                {
                                    "marca": "Haribo",
                                    "descricao": "Gomas Happy Cola",
                                    "preco": "1,09€",
                                    "preco_antigo": null,
                                    "quantidade": "emb. 100 gr",
                                    "precoPorQuantidade": "10,90€/kg",
                                    "link": "https://www.continente.pt/produto/gomas-happy-cola-haribo-4113548.html?cgid=mercearias-chocolates-gomas",
                                    "imagem": "https://www.continente.pt/dw/image/v2/BDVS_PRD/on/demandware.static/-/Sites-col-master-catalog/default/dw83d39b91/images/col/411/4113548-frente.jpg?sw=280&sh=280"
                                },
                                {
                                    "marca": "Moreninha do Rio",
                                    "descricao": "Paçoca Doce de Amendoim",
                                    "preco": "3,29€",
                                    "preco_antigo": null,
                                    "quantidade": "emb. 300 gr",
                                    "precoPorQuantidade": "10,97€/kg",
                                    "link": "https://www.continente.pt/produto/pacoca-doce-de-amendoim-moreninha-do-rio-6433240.html?cgid=mercearias-chocolates-gomas",
                                    "imagem": "https://www.continente.pt/dw/image/v2/BDVS_PRD/on/demandware.static/-/Sites-col-master-catalog/default/dw90706aae/images/col/643/6433240-cima.jpg?sw=280&sh=280"
                                },
                                {
                                    "marca": "Fini",
                                    "descricao": "Gomas Lápis Ácidas",
                                    "preco": "0,99€",
                                    "preco_antigo": null,
                                    "quantidade": "emb. 100 gr",
                                    "precoPorQuantidade": "11,00€/kg",
                                    "link": "https://www.continente.pt/produto/gomas-lapis-acidas-fini-5456955.html?cgid=mercearias-chocolates-gomas",
                                    "imagem": "https://www.continente.pt/dw/image/v2/BDVS_PRD/on/demandware.static/-/Sites-col-master-catalog/default/dw756a528b/images/col/545/5456955-frente.jpg?sw=280&sh=280"
                                },
                                {
                                    "marca": "Fini",
                                    "descricao": "Gomas Little Mix Ácidas",
                                    "preco": "0,99€",
                                    "preco_antigo": null,
                                    "quantidade": "emb. 100 gr",
                                    "precoPorQuantidade": "11,00€/kg",
                                    "link": "https://www.continente.pt/produto/gomas-little-mix-acidas-fini-5457081.html?cgid=mercearias-chocolates-gomas",
                                    "imagem": "https://www.continente.pt/dw/image/v2/BDVS_PRD/on/demandware.static/-/Sites-col-master-catalog/default/dw37c5eb06/images/col/545/5457081-frente.jpg?sw=280&sh=280"
                                },
                                {
                                    "marca": "Gorila",
                                    "descricao": "Pastilhas Elásticas de Sabores Sortidos Super",
                                    "preco": "1,11€",
                                    "preco_antigo": null,
                                    "quantidade": "emb. 3 x 32 gr",
                                    "precoPorQuantidade": "11,56€/kg",
                                    "link": "https://www.continente.pt/produto/pastilhas-elasticas-de-sabores-sortidos-super-gorila-5092124.html?cgid=mercearias-chocolates-gomas",
                                    "imagem": "https://www.continente.pt/dw/image/v2/BDVS_PRD/on/demandware.static/-/Sites-col-master-catalog/default/dw5a48648d/images/col/509/5092124-frente.jpg?sw=280&sh=280"
                                },
                                {
                                    "marca": "Vidal",
                                    "descricao": "Gomas de Amora sem Glúten",
                                    "preco": "1,19€",
                                    "preco_antigo": null,
                                    "quantidade": "emb. 100 gr",
                                    "precoPorQuantidade": "11,90€/kg",
                                    "link": "https://www.continente.pt/produto/gomas-de-amora-sem-gluten-vidal-2485342.html?cgid=mercearias-chocolates-gomas",
                                    "imagem": "https://www.continente.pt/dw/image/v2/BDVS_PRD/on/demandware.static/-/Sites-col-master-catalog/default/dw3379a5f1/images/col/248/2485342-frente.jpg?sw=280&sh=280"
                                },
                                {
                                    "marca": "Vidal",
                                    "descricao": "Gomas Talhadas de Melancia sem Glúten",
                                    "preco": "1,19€",
                                    "preco_antigo": null,
                                    "quantidade": "emb. 100 gr",
                                    "precoPorQuantidade": "11,90€/kg",
                                    "link": "https://www.continente.pt/produto/gomas-talhadas-de-melancia-sem-gluten-vidal-4846157.html?cgid=mercearias-chocolates-gomas",
                                    "imagem": "https://www.continente.pt/dw/image/v2/BDVS_PRD/on/demandware.static/-/Sites-col-master-catalog/default/dw272237b8/images/col/484/4846157-frente.jpg?sw=280&sh=280"
                                },
                                {
                                    "marca": "Vidal",
                                    "descricao": "Gomas de Morango Dulcitar",
                                    "preco": "1,19€",
                                    "preco_antigo": null,
                                    "quantidade": "emb. 100 gr",
                                    "precoPorQuantidade": "11,90€/kg",
                                    "link": "https://www.continente.pt/produto/gomas-de-morango-dulcitar-vidal-2508294.html?cgid=mercearias-chocolates-gomas",
                                    "imagem": "https://www.continente.pt/dw/image/v2/BDVS_PRD/on/demandware.static/-/Sites-col-master-catalog/default/dw2e36b9c4/images/col/250/2508294-frente.jpg?sw=280&sh=280"
                                },
                                {
                                    "marca": "Vidal",
                                    "descricao": "Gomas Soft Fruit",
                                    "preco": "1,19€",
                                    "preco_antigo": null,
                                    "quantidade": "emb. 100 gr",
                                    "precoPorQuantidade": "11,90€/kg",
                                    "link": "https://www.continente.pt/produto/gomas-soft-fruit-vidal-2508291.html?cgid=mercearias-chocolates-gomas",
                                    "imagem": "https://www.continente.pt/dw/image/v2/BDVS_PRD/on/demandware.static/-/Sites-col-master-catalog/default/dwd3148872/images/col/250/2508291-frente.jpg?sw=280&sh=280"
                                },
                                {
                                    "marca": "Vidal",
                                    "descricao": "Gomas Regaliz",
                                    "preco": "1,19€",
                                    "preco_antigo": null,
                                    "quantidade": "emb. 100 gr",
                                    "precoPorQuantidade": "11,90€/kg",
                                    "link": "https://www.continente.pt/produto/gomas-regaliz-vidal-4220787.html?cgid=mercearias-chocolates-gomas",
                                    "imagem": "https://www.continente.pt/dw/image/v2/BDVS_PRD/on/demandware.static/-/Sites-col-master-catalog/default/dw7abf2eb6/images/col/422/4220787-frente.jpg?sw=280&sh=280"
                                },
                                {
                                    "marca": "Vidal",
                                    "descricao": "Gomas Sortidas",
                                    "preco": "1,19€",
                                    "preco_antigo": null,
                                    "quantidade": "emb. 100 gr",
                                    "precoPorQuantidade": "11,90€/kg",
                                    "link": "https://www.continente.pt/produto/gomas-sortidas-vidal-2508280.html?cgid=mercearias-chocolates-gomas",
                                    "imagem": "https://www.continente.pt/dw/image/v2/BDVS_PRD/on/demandware.static/-/Sites-col-master-catalog/default/dw432e54b0/images/col/250/2508280-frente.jpg?sw=280&sh=280"
                                },
                                {
                                    "marca": "Vidal",
                                    "descricao": "Pastilhas Elásticas de Melão",
                                    "preco": "1,19€",
                                    "preco_antigo": null,
                                    "quantidade": "emb. 100 gr",
                                    "precoPorQuantidade": "11,90€/kg",
                                    "link": "https://www.continente.pt/produto/pastilhas-elasticas-de-melao-vidal-2485340.html?cgid=mercearias-chocolates-gomas",
                                    "imagem": "https://www.continente.pt/dw/image/v2/BDVS_PRD/on/demandware.static/-/Sites-col-master-catalog/default/dwf417f0bc/images/col/248/2485340-frente.jpg?sw=280&sh=280"
                                },
                                {
                                    "marca": "Vidal",
                                    "descricao": "Gomas Rainbow Belts",
                                    "preco": "1,19€",
                                    "preco_antigo": null,
                                    "quantidade": "emb. 100 gr",
                                    "precoPorQuantidade": "11,90€/kg",
                                    "link": "https://www.continente.pt/produto/gomas-rainbow-belts-vidal-4015798.html?cgid=mercearias-chocolates-gomas",
                                    "imagem": "https://www.continente.pt/dw/image/v2/BDVS_PRD/on/demandware.static/-/Sites-col-master-catalog/default/dwb60d909d/images/col/401/4015798-frente.jpg?sw=280&sh=280"
                                },
                                {
                                    "marca": "Vidal",
                                    "descricao": "Gomas Party Mix",
                                    "preco": "4,79€",
                                    "preco_antigo": null,
                                    "quantidade": "emb. 400 gr",
                                    "precoPorQuantidade": "11,98€/kg",
                                    "link": "https://www.continente.pt/produto/gomas-party-mix-vidal-3597208.html?cgid=mercearias-chocolates-gomas",
                                    "imagem": "https://www.continente.pt/dw/image/v2/BDVS_PRD/on/demandware.static/-/Sites-col-master-catalog/default/dwb89eb03d/images/col/359/3597208-frente.jpg?sw=280&sh=280"
                                },
                                {
                                    "marca": "Gorila",
                                    "descricao": "Pastilhas Elásticas Sortidas",
                                    "preco": "0,72€",
                                    "preco_antigo": null,
                                    "quantidade": "emb. 60 gr",
                                    "precoPorQuantidade": "12,00€/kg",
                                    "link": "https://www.continente.pt/produto/pastilhas-elasticas-sortidas-gorila-2952409.html?cgid=mercearias-chocolates-gomas",
                                    "imagem": "https://www.continente.pt/dw/image/v2/BDVS_PRD/on/demandware.static/-/Sites-col-master-catalog/default/dwc34f0295/images/col/295/2952409-esquerdo.jpg?sw=280&sh=280"
                                },
                                {
                                    "marca": "Haribo",
                                    "descricao": "Gomas Marshmallows Tubo sem Glúten",
                                    "preco": "1,09€",
                                    "preco_antigo": null,
                                    "quantidade": "emb. 90 gr",
                                    "precoPorQuantidade": "12,11€/kg",
                                    "link": "https://www.continente.pt/produto/gomas-marshmallows-tubo-sem-gluten-haribo-4751268.html?cgid=mercearias-chocolates-gomas",
                                    "imagem": "https://www.continente.pt/dw/image/v2/BDVS_PRD/on/demandware.static/-/Sites-col-master-catalog/default/dw3f09037d/images/col/475/4751268-frente.jpg?sw=280&sh=280"
                                },
                                {
                                    "marca": "Haribo",
                                    "descricao": "Gomas Starmix",
                                    "preco": "1,09€",
                                    "preco_antigo": null,
                                    "quantidade": "emb. 90 gr",
                                    "precoPorQuantidade": "12,11€/kg",
                                    "link": "https://www.continente.pt/produto/gomas-starmix-haribo-4362254.html?cgid=mercearias-chocolates-gomas",
                                    "imagem": "https://www.continente.pt/dw/image/v2/BDVS_PRD/on/demandware.static/-/Sites-col-master-catalog/default/dwadb75c23/images/col/436/4362254-frente.jpg?sw=280&sh=280"
                                },
                                {
                                    "marca": "Haribo",
                                    "descricao": "Gomas Favoritos Classic",
                                    "preco": "1,09€",
                                    "preco_antigo": null,
                                    "quantidade": "emb. 90 gr",
                                    "precoPorQuantidade": "12,11€/kg",
                                    "link": "https://www.continente.pt/produto/gomas-favoritos-classic-haribo-5183249.html?cgid=mercearias-chocolates-gomas",
                                    "imagem": "https://www.continente.pt/dw/image/v2/BDVS_PRD/on/demandware.static/-/Sites-col-master-catalog/default/dw6539bec2/images/col/518/5183249-frente.jpg?sw=280&sh=280"
                                },
                                {
                                    "marca": "Haribo",
                                    "descricao": "Gomas Favoritos Pica",
                                    "preco": "1,09€",
                                    "preco_antigo": null,
                                    "quantidade": "emb. 90 gr",
                                    "precoPorQuantidade": "12,11€/kg",
                                    "link": "https://www.continente.pt/produto/gomas-favoritos-pica-haribo-5183253.html?cgid=mercearias-chocolates-gomas",
                                    "imagem": "https://www.continente.pt/dw/image/v2/BDVS_PRD/on/demandware.static/-/Sites-col-master-catalog/default/dw0d0b11ad/images/col/518/5183253-frente.jpg?sw=280&sh=280"
                                },
                                {
                                    "marca": "Haribo",
                                    "descricao": "Gomas Favoritos",
                                    "preco": "1,09€",
                                    "preco_antigo": null,
                                    "quantidade": "emb. 90 gr",
                                    "precoPorQuantidade": "12,11€/kg",
                                    "link": "https://www.continente.pt/produto/gomas-favoritos-haribo-4452987.html?cgid=mercearias-chocolates-gomas",
                                    "imagem": "https://www.continente.pt/dw/image/v2/BDVS_PRD/on/demandware.static/-/Sites-col-master-catalog/default/dw02e54b18/images/col/445/4452987-frente.jpg?sw=280&sh=280"
                                },
                                {
                                    "marca": "Gorila",
                                    "descricao": "Pastilhas Elásticas de Morango Super",
                                    "preco": "0,39€",
                                    "preco_antigo": null,
                                    "quantidade": "emb. 32 gr",
                                    "precoPorQuantidade": "12,19€/kg",
                                    "link": "https://www.continente.pt/produto/pastilhas-elasticas-de-morango-super-gorila-4018069.html?cgid=mercearias-chocolates-gomas",
                                    "imagem": "https://www.continente.pt/dw/image/v2/BDVS_PRD/on/demandware.static/-/Sites-col-master-catalog/default/dw49268061/images/col/401/4018069-frente.jpg?sw=280&sh=280"
                                },
                                {
                                    "marca": "Gorila",
                                    "descricao": "Pastilhas Elásticas de Menta Super",
                                    "preco": "0,39€",
                                    "preco_antigo": null,
                                    "quantidade": "emb. 32 gr",
                                    "precoPorQuantidade": "12,19€/kg",
                                    "link": "https://www.continente.pt/produto/pastilhas-elasticas-de-menta-super-gorila-4745756.html?cgid=mercearias-chocolates-gomas",
                                    "imagem": "https://www.continente.pt/dw/image/v2/BDVS_PRD/on/demandware.static/-/Sites-col-master-catalog/default/dwc0785d86/images/col/474/4745756-direito.jpg?sw=280&sh=280"
                                },
                                {
                                    "marca": "Gorila",
                                    "descricao": "Pastilhas Elásticas de Tutti Frutti Super",
                                    "preco": "0,39€",
                                    "preco_antigo": null,
                                    "quantidade": "emb. 32 gr",
                                    "precoPorQuantidade": "12,19€/kg",
                                    "link": "https://www.continente.pt/produto/pastilhas-elasticas-de-tutti-frutti-super-gorila-4745623.html?cgid=mercearias-chocolates-gomas",
                                    "imagem": "https://www.continente.pt/dw/image/v2/BDVS_PRD/on/demandware.static/-/Sites-col-master-catalog/default/dw50763563/images/col/474/4745623-direito.jpg?sw=280&sh=280"
                                },
                                {
                                    "marca": "Chupa Chups",
                                    "descricao": "Chupas Original sem Glúten",
                                    "preco": "1,49€",
                                    "preco_antigo": null,
                                    "quantidade": "emb. 120 gr",
                                    "precoPorQuantidade": "12,42€/kg",
                                    "link": "https://www.continente.pt/produto/chupas-original-sem-gluten-chupa-chups-2451347.html?cgid=mercearias-chocolates-gomas",
                                    "imagem": "https://www.continente.pt/dw/image/v2/BDVS_PRD/on/demandware.static/-/Sites-col-master-catalog/default/dw7384fdab/images/col/245/2451347-frente.jpg?sw=280&sh=280"
                                },
                                {
                                    "marca": "Penha",
                                    "descricao": "Caramelo de Leite",
                                    "preco": "1,25€",
                                    "preco_antigo": null,
                                    "quantidade": "emb. 100 gr",
                                    "precoPorQuantidade": "12,50€/kg",
                                    "link": "https://www.continente.pt/produto/caramelo-de-leite-penha-2378000.html?cgid=mercearias-chocolates-gomas",
                                    "imagem": "https://www.continente.pt/dw/image/v2/BDVS_PRD/on/demandware.static/-/Sites-col-master-catalog/default/dw375578a7/images/col/237/2378000-esquerdo.jpg?sw=280&sh=280"
                                },
                                {
                                    "marca": "Vidal",
                                    "descricao": "Gomas Mega Sortido Ácido",
                                    "preco": "1,19€",
                                    "preco_antigo": null,
                                    "quantidade": "emb. 90 gr",
                                    "precoPorQuantidade": "13,22€/kg",
                                    "link": "https://www.continente.pt/produto/gomas-mega-sortido-acido-vidal-7624729.html?cgid=mercearias-chocolates-gomas",
                                    "imagem": "https://www.continente.pt/dw/image/v2/BDVS_PRD/on/demandware.static/-/Sites-col-master-catalog/default/dw9e4f14ba/images/col/762/7624729-frente.jpg?sw=280&sh=280"
                                },
                                {
                                    "marca": "Haribo",
                                    "descricao": "Gomas Spaghetti Pica Sabor Morango",
                                    "preco": "1,09€",
                                    "preco_antigo": null,
                                    "quantidade": "emb. 75 gr",
                                    "precoPorQuantidade": "14,53€/kg",
                                    "link": "https://www.continente.pt/produto/gomas-spaghetti-pica-sabor-morango-haribo-4113551.html?cgid=mercearias-chocolates-gomas",
                                    "imagem": "https://www.continente.pt/dw/image/v2/BDVS_PRD/on/demandware.static/-/Sites-col-master-catalog/default/dw5348b62e/images/col/411/4113551-frente.jpg?sw=280&sh=280"
                                },
                                {
                                    "marca": "Sugus",
                                    "descricao": "Caramelos de Fruta sem Glúten",
                                    "preco": "2,19€",
                                    "preco_antigo": null,
                                    "quantidade": "emb. 150 gr",
                                    "precoPorQuantidade": "14,60€/kg",
                                    "link": "https://www.continente.pt/produto/caramelos-de-fruta-sem-gluten-sugus-6523894.html?cgid=mercearias-chocolates-gomas",
                                    "imagem": "https://www.continente.pt/dw/image/v2/BDVS_PRD/on/demandware.static/-/Sites-col-master-catalog/default/dw6ad07c3e/images/col/652/6523894-frente.jpg?sw=280&sh=280"
                                },
                                {
                                    "marca": "Vidal",
                                    "descricao": "Gomas Natural Sour Fruit Mix",
                                    "preco": "2,69€",
                                    "preco_antigo": null,
                                    "quantidade": "emb. 180 gr",
                                    "precoPorQuantidade": "14,94€/kg",
                                    "link": "https://www.continente.pt/produto/gomas-natural-sour-fruit-mix-vidal-7536683.html?cgid=mercearias-chocolates-gomas",
                                    "imagem": "https://www.continente.pt/dw/image/v2/BDVS_PRD/on/demandware.static/-/Sites-col-master-catalog/default/dwccbb218a/images/col/753/7536683-frente.jpg?sw=280&sh=280"
                                },
                                {
                                    "marca": "Bubbaloo",
                                    "descricao": "Pastilhas Elásticas de Morango",
                                    "preco": "0,60€",
                                    "preco_antigo": null,
                                    "quantidade": "emb. 38 gr",
                                    "precoPorQuantidade": "15,79€/kg",
                                    "link": "https://www.continente.pt/produto/pastilhas-elasticas-de-morango-bubbaloo-6552955.html?cgid=mercearias-chocolates-gomas",
                                    "imagem": "https://www.continente.pt/dw/image/v2/BDVS_PRD/on/demandware.static/-/Sites-col-master-catalog/default/dwd664faf9/images/col/655/6552955-esquerdo.jpg?sw=280&sh=280"
                                },
                                {
                                    "marca": "Bubbaloo",
                                    "descricao": "Pastilhas Elásticas de Cola",
                                    "preco": "0,60€",
                                    "preco_antigo": null,
                                    "quantidade": "emb. 38 gr",
                                    "precoPorQuantidade": "15,79€/kg",
                                    "link": "https://www.continente.pt/produto/pastilhas-elasticas-de-cola-bubbaloo-6552956.html?cgid=mercearias-chocolates-gomas",
                                    "imagem": "https://www.continente.pt/dw/image/v2/BDVS_PRD/on/demandware.static/-/Sites-col-master-catalog/default/dw1c4a4c78/images/col/655/6552956-esquerdo.jpg?sw=280&sh=280"
                                },
                                {
                                    "marca": "Vidal",
                                    "descricao": "Gomas Natural Fruitbites Vegan",
                                    "preco": "2,89€",
                                    "preco_antigo": null,
                                    "quantidade": "emb. 180 gr",
                                    "precoPorQuantidade": "16,06€/kg",
                                    "link": "https://www.continente.pt/produto/gomas-natural-fruitbites-vegan-vidal-7536684.html?cgid=mercearias-chocolates-gomas",
                                    "imagem": "https://www.continente.pt/dw/image/v2/BDVS_PRD/on/demandware.static/-/Sites-col-master-catalog/default/dw65ac0116/images/col/753/7536684-frente.jpg?sw=280&sh=280"
                                },
                                {
                                    "marca": "Mentos",
                                    "descricao": "Drageias de Fruta",
                                    "preco": "1,99€",
                                    "preco_antigo": null,
                                    "quantidade": "emb. 120 gr",
                                    "precoPorQuantidade": "16,58€/kg",
                                    "link": "https://www.continente.pt/produto/drageias-de-fruta-mentos-5316690.html?cgid=mercearias-chocolates-gomas",
                                    "imagem": "https://www.continente.pt/dw/image/v2/BDVS_PRD/on/demandware.static/-/Sites-col-master-catalog/default/dw2838782d/images/col/531/5316690-frente.jpg?sw=280&sh=280"
                                },
                                {
                                    "marca": "Mentos",
                                    "descricao": "Drageias de Menta",
                                    "preco": "1,99€",
                                    "preco_antigo": null,
                                    "quantidade": "emb. 120 gr",
                                    "precoPorQuantidade": "16,58€/kg",
                                    "link": "https://www.continente.pt/produto/drageias-de-menta-mentos-5316702.html?cgid=mercearias-chocolates-gomas",
                                    "imagem": "https://www.continente.pt/dw/image/v2/BDVS_PRD/on/demandware.static/-/Sites-col-master-catalog/default/dw0eea34d5/images/col/531/5316702-frente.jpg?sw=280&sh=280"
                                },
                                {
                                    "marca": "Mentos",
                                    "descricao": "Drageias Rainbow",
                                    "preco": "1,99€",
                                    "preco_antigo": null,
                                    "quantidade": "emb. 120 gr",
                                    "precoPorQuantidade": "16,58€/kg",
                                    "link": "https://www.continente.pt/produto/drageias-rainbow-mentos-5316685.html?cgid=mercearias-chocolates-gomas",
                                    "imagem": "https://www.continente.pt/dw/image/v2/BDVS_PRD/on/demandware.static/-/Sites-col-master-catalog/default/dw7ef8fe78/images/col/531/5316685-frente.jpg?sw=280&sh=280"
                                },
                                {
                                    "marca": "Lutti",
                                    "descricao": "Caramelos Cobertura de Chocolate Negro Carachoco",
                                    "preco": "2,49€",
                                    "preco_antigo": null,
                                    "quantidade": "emb. 125 gr",
                                    "precoPorQuantidade": "16,60€/kg",
                                    "link": "https://www.continente.pt/produto/caramelos-cobertura-de-chocolate-negro-carachoco-lutti-2004116.html?cgid=mercearias-chocolates-gomas",
                                    "imagem": "https://www.continente.pt/dw/image/v2/BDVS_PRD/on/demandware.static/-/Sites-col-master-catalog/default/dw06763273/images/col/200/2004116-frente.jpg?sw=280&sh=280"
                                },
                                {
                                    "marca": "Skittles",
                                    "descricao": "Drageias Fruits",
                                    "preco": "2,89€",
                                    "preco_antigo": null,
                                    "quantidade": "emb. 174 gr",
                                    "precoPorQuantidade": "16,61€/kg",
                                    "link": "https://www.continente.pt/produto/drageias-fruits-skittles-5594962.html?cgid=mercearias-chocolates-gomas",
                                    "imagem": "https://www.continente.pt/dw/image/v2/BDVS_PRD/on/demandware.static/-/Sites-col-master-catalog/default/dw9d585a2c/images/col/559/5594962-frente.jpg?sw=280&sh=280"
                                },
                                {
                                    "marca": "Skittles",
                                    "descricao": "Drageias Crazy Sours",
                                    "preco": "2,89€",
                                    "preco_antigo": null,
                                    "quantidade": "emb. 174 gr",
                                    "precoPorQuantidade": "16,61€/kg",
                                    "link": "https://www.continente.pt/produto/drageias-crazy-sours-skittles-5594969.html?cgid=mercearias-chocolates-gomas",
                                    "imagem": "https://www.continente.pt/dw/image/v2/BDVS_PRD/on/demandware.static/-/Sites-col-master-catalog/default/dw3ebc45ae/images/col/559/5594969-frente.jpg?sw=280&sh=280"
                                },
                                {
                                    "marca": "Chupa Chups",
                                    "descricao": "Chupas Mini",
                                    "preco": "3,49€",
                                    "preco_antigo": null,
                                    "quantidade": "emb. 210 gr",
                                    "precoPorQuantidade": "16,62€/kg",
                                    "link": "https://www.continente.pt/produto/chupas-mini-chupa-chups-3592611.html?cgid=mercearias-chocolates-gomas",
                                    "imagem": "https://www.continente.pt/dw/image/v2/BDVS_PRD/on/demandware.static/-/Sites-col-master-catalog/default/dw00041be6/images/col/359/3592611-frente.jpg?sw=280&sh=280"
                                },
                                {
                                    "marca": "Dr. Bayard",
                                    "descricao": "Rebuçados Peitorais",
                                    "preco": "1,69€",
                                    "preco_antigo": null,
                                    "quantidade": "emb. 100 gr",
                                    "precoPorQuantidade": "16,90€/kg",
                                    "link": "https://www.continente.pt/produto/rebucados-peitorais-dr.-bayard-4730657.html?cgid=mercearias-chocolates-gomas",
                                    "imagem": "https://www.continente.pt/dw/image/v2/BDVS_PRD/on/demandware.static/-/Sites-col-master-catalog/default/dwc5df3f86/images/col/473/4730657-frente.jpg?sw=280&sh=280"
                                },
                                {
                                    "marca": "Trident",
                                    "descricao": "Pastilhas Elásticas Morango Sem Açúcar",
                                    "preco": "1,49€",
                                    "preco_antigo": null,
                                    "quantidade": "emb. 82,5 gr",
                                    "precoPorQuantidade": "17,95€/kg",
                                    "link": "https://www.continente.pt/produto/pastilhas-elasticas-morango-sem-acucar-trident-5893777.html?cgid=mercearias-chocolates-gomas",
                                    "imagem": "https://www.continente.pt/dw/image/v2/BDVS_PRD/on/demandware.static/-/Sites-col-master-catalog/default/dw4a1b3591/images/col/589/5893777-frente.jpg?sw=280&sh=280"
                                },
                                {
                                    "marca": "Trident",
                                    "descricao": "Pastilhas Elásticas White Spearmint Sem Açúcar",
                                    "preco": "1,49€",
                                    "preco_antigo": null,
                                    "quantidade": "emb. 82,5 gr",
                                    "precoPorQuantidade": "17,95€/kg",
                                    "link": "https://www.continente.pt/produto/pastilhas-elasticas-white-spearmint-sem-acucar-trident-6938893.html?cgid=mercearias-chocolates-gomas",
                                    "imagem": "https://www.continente.pt/dw/image/v2/BDVS_PRD/on/demandware.static/-/Sites-col-master-catalog/default/dwa9546d9d/images/col/693/6938893-frente.jpg?sw=280&sh=280"
                                },
                                {
                                    "marca": "Trident",
                                    "descricao": "Pastilhas Elásticas Spearmint Sem Açúcar",
                                    "preco": "1,49€",
                                    "preco_antigo": null,
                                    "quantidade": "emb. 82,5 gr",
                                    "precoPorQuantidade": "17,95€/kg",
                                    "link": "https://www.continente.pt/produto/pastilhas-elasticas-spearmint-sem-acucar-trident-5893822.html?cgid=mercearias-chocolates-gomas",
                                    "imagem": "https://www.continente.pt/dw/image/v2/BDVS_PRD/on/demandware.static/-/Sites-col-master-catalog/default/dw91ab0620/images/col/589/5893822-frente.jpg?sw=280&sh=280"
                                },
                                {
                                    "marca": "Trident",
                                    "descricao": "Pastilhas Elásticas Frutos Silvestres Sem Açúcar",
                                    "preco": "1,49€",
                                    "preco_antigo": null,
                                    "quantidade": "emb. 82,5 gr",
                                    "precoPorQuantidade": "17,95€/kg",
                                    "link": "https://www.continente.pt/produto/pastilhas-elasticas-frutos-silvestres-sem-acucar-trident-5893824.html?cgid=mercearias-chocolates-gomas",
                                    "imagem": "https://www.continente.pt/dw/image/v2/BDVS_PRD/on/demandware.static/-/Sites-col-master-catalog/default/dw4c5251d1/images/col/589/5893824-frente.jpg?sw=280&sh=280"
                                },
                                {
                                    "marca": "Continente",
                                    "descricao": "Pastilhas Elástica de Peppermint",
                                    "preco": "1,59€",
                                    "preco_antigo": null,
                                    "quantidade": "emb. 4 x 22 gr",
                                    "precoPorQuantidade": "18,07€/kg",
                                    "link": "https://www.continente.pt/produto/pastilhas-elastica-de-peppermint-continente-4439881.html?cgid=mercearias-chocolates-gomas",
                                    "imagem": "https://www.continente.pt/dw/image/v2/BDVS_PRD/on/demandware.static/-/Sites-col-master-catalog/default/dw99a114fb/images/col/443/4439881-frente.jpg?sw=280&sh=280"
                                },
                                {
                                    "marca": "Mentos",
                                    "descricao": "Drageias de Mentol",
                                    "preco": "0,70€",
                                    "preco_antigo": null,
                                    "quantidade": "emb. 40 gr",
                                    "precoPorQuantidade": "18,42€/kg",
                                    "link": "https://www.continente.pt/produto/drageias-de-mentol-mentos-2299739.html?cgid=mercearias-chocolates-gomas",
                                    "imagem": "https://www.continente.pt/dw/image/v2/BDVS_PRD/on/demandware.static/-/Sites-col-master-catalog/default/dwce94efd5/images/col/229/2299739-frente.jpg?sw=280&sh=280"
                                },
                                {
                                    "marca": "Mentos",
                                    "descricao": "Drageias de Frutos Silvestres com Lima",
                                    "preco": "0,70€",
                                    "preco_antigo": null,
                                    "quantidade": "emb. 40 gr",
                                    "precoPorQuantidade": "18,42€/kg",
                                    "link": "https://www.continente.pt/produto/drageias-de-frutos-silvestres-com-lima-mentos-2299735.html?cgid=mercearias-chocolates-gomas",
                                    "imagem": "https://www.continente.pt/dw/image/v2/BDVS_PRD/on/demandware.static/-/Sites-col-master-catalog/default/dw5fc2958c/images/col/229/2299735-frente.jpg?sw=280&sh=280"
                                },
                                {
                                    "marca": "Mentos",
                                    "descricao": "Drageias de Morango Mix",
                                    "preco": "0,70€",
                                    "preco_antigo": null,
                                    "quantidade": "emb. 38 gr",
                                    "precoPorQuantidade": "18,42€/kg",
                                    "link": "https://www.continente.pt/produto/drageias-de-morango-mix-mentos-5184570.html?cgid=mercearias-chocolates-gomas",
                                    "imagem": "https://www.continente.pt/dw/image/v2/BDVS_PRD/on/demandware.static/-/Sites-col-master-catalog/default/dwdc53f111/images/col/518/5184570-frente.jpg?sw=280&sh=280"
                                },
                                {
                                    "marca": "Mentos",
                                    "descricao": "Drageias Rainbow",
                                    "preco": "0,70€",
                                    "preco_antigo": null,
                                    "quantidade": "emb. 40 gr",
                                    "precoPorQuantidade": "18,42€/kg",
                                    "link": "https://www.continente.pt/produto/drageias-rainbow-mentos-4473198.html?cgid=mercearias-chocolates-gomas",
                                    "imagem": "https://www.continente.pt/dw/image/v2/BDVS_PRD/on/demandware.static/-/Sites-col-master-catalog/default/dw9f1b9bbe/images/col/447/4473198-frente.jpg?sw=280&sh=280"
                                },
                                {
                                    "marca": "Chupa Chups",
                                    "descricao": "Chupas Mini Sortido",
                                    "preco": "2,29€",
                                    "preco_antigo": null,
                                    "quantidade": "emb. 120 gr",
                                    "precoPorQuantidade": "19,08€/kg",
                                    "link": "https://www.continente.pt/produto/chupas-mini-sortido-chupa-chups-5316679.html?cgid=mercearias-chocolates-gomas",
                                    "imagem": "https://www.continente.pt/dw/image/v2/BDVS_PRD/on/demandware.static/-/Sites-col-master-catalog/default/dw31db58f3/images/col/531/5316679-frente.jpg?sw=280&sh=280"
                                },
                                {
                                    "marca": "Penha",
                                    "descricao": "Caramelos de Mirtilo",
                                    "preco": "0,63€",
                                    "preco_antigo": null,
                                    "quantidade": "emb. 32 gr",
                                    "precoPorQuantidade": "19,69€/kg",
                                    "link": "https://www.continente.pt/produto/caramelos-de-mirtilo-penha-7072080.html?cgid=mercearias-chocolates-gomas",
                                    "imagem": "https://www.continente.pt/dw/image/v2/BDVS_PRD/on/demandware.static/-/Sites-col-master-catalog/default/dwba402f48/images/col/707/7072080-frente.jpg?sw=280&sh=280"
                                },
                                {
                                    "marca": "Werther's",
                                    "descricao": "Caramelos Original",
                                    "preco": "3,05€",
                                    "preco_antigo": null,
                                    "quantidade": "emb. 3 x 50 gr",
                                    "precoPorQuantidade": "20,33€/kg",
                                    "link": "https://www.continente.pt/produto/caramelos-original-werthers-2436351.html?cgid=mercearias-chocolates-gomas",
                                    "imagem": "https://www.continente.pt/dw/image/v2/BDVS_PRD/on/demandware.static/-/Sites-col-master-catalog/default/dw4fca2534/images/col/243/2436351-esquerdo.jpg?sw=280&sh=280"
                                },
                                {
                                    "marca": "Skittles",
                                    "descricao": "Drageias Crazy Sours",
                                    "preco": "0,79€",
                                    "preco_antigo": null,
                                    "quantidade": "emb. 38 gr",
                                    "precoPorQuantidade": "20,79€/kg",
                                    "link": "https://www.continente.pt/produto/drageias-crazy-sours-skittles-5476752.html?cgid=mercearias-chocolates-gomas",
                                    "imagem": "https://www.continente.pt/dw/image/v2/BDVS_PRD/on/demandware.static/-/Sites-col-master-catalog/default/dw0d39cc6a/images/col/547/5476752-frente.jpg?sw=280&sh=280"
                                },
                                {
                                    "marca": "Skittles",
                                    "descricao": "Drageias de Fruta",
                                    "preco": "0,79€",
                                    "preco_antigo": null,
                                    "quantidade": "emb. 38 gr",
                                    "precoPorQuantidade": "20,79€/kg",
                                    "link": "https://www.continente.pt/produto/drageias-de-fruta-skittles-5476732.html?cgid=mercearias-chocolates-gomas",
                                    "imagem": "https://www.continente.pt/dw/image/v2/BDVS_PRD/on/demandware.static/-/Sites-col-master-catalog/default/dwdf2f38d1/images/col/547/5476732-frente.jpg?sw=280&sh=280"
                                },
                                {
                                    "marca": "Mentolin",
                                    "descricao": "Rebuçados de Limão e Melisa sem Açúcar",
                                    "preco": "2,19€",
                                    "preco_antigo": null,
                                    "quantidade": "emb. 100 gr",
                                    "precoPorQuantidade": "21,90€/kg",
                                    "link": "https://www.continente.pt/produto/rebucados-de-limao-e-melisa-sem-acucar-mentolin-4022143.html?cgid=mercearias-chocolates-gomas",
                                    "imagem": "https://www.continente.pt/dw/image/v2/BDVS_PRD/on/demandware.static/-/Sites-col-master-catalog/default/dwe48e638f/images/col/402/4022143-frente.jpg?sw=280&sh=280"
                                },
                                {
                                    "marca": "Werther's",
                                    "descricao": "Caramelos Original",
                                    "preco": "2,99€",
                                    "preco_antigo": null,
                                    "quantidade": "emb. 135 gr",
                                    "precoPorQuantidade": "22,15€/kg",
                                    "link": "https://www.continente.pt/produto/caramelos-original-werthers-3762072.html?cgid=mercearias-chocolates-gomas",
                                    "imagem": "https://www.continente.pt/dw/image/v2/BDVS_PRD/on/demandware.static/-/Sites-col-master-catalog/default/dw8f90ea86/images/col/376/3762072-frente.jpg?sw=280&sh=280"
                                },
                                {
                                    "marca": "Werther's",
                                    "descricao": "Caramelos com Creme",
                                    "preco": "2,99€",
                                    "preco_antigo": null,
                                    "quantidade": "emb. 135 gr",
                                    "precoPorQuantidade": "22,15€/kg",
                                    "link": "https://www.continente.pt/produto/caramelos-com-creme-werthers-4968781.html?cgid=mercearias-chocolates-gomas",
                                    "imagem": "https://www.continente.pt/dw/image/v2/BDVS_PRD/on/demandware.static/-/Sites-col-master-catalog/default/dw61bce3df/images/col/496/4968781-frente.jpg?sw=280&sh=280"
                                },
                                {
                                    "marca": "BioBon",
                                    "descricao": "Gomas de Iogurte e Fruta Biológicas",
                                    "preco": "2,24€",
                                    "preco_antigo": null,
                                    "quantidade": "emb. 100 gr",
                                    "precoPorQuantidade": "22,40€/kg",
                                    "link": "https://www.continente.pt/produto/gomas-de-iogurte-e-fruta-biologicas-biobon-6181356.html?cgid=mercearias-chocolates-gomas",
                                    "imagem": "https://www.continente.pt/dw/image/v2/BDVS_PRD/on/demandware.static/-/Sites-col-master-catalog/default/dw59a5723a/images/col/618/6181356-frente.jpg?sw=280&sh=280"
                                },
                                {
                                    "marca": "Sugus",
                                    "descricao": "Caramelo de Morango",
                                    "preco": "1,05€",
                                    "preco_antigo": null,
                                    "quantidade": "emb. 45 gr",
                                    "precoPorQuantidade": "23,33€/kg",
                                    "link": "https://www.continente.pt/produto/caramelo-de-morango-sugus-4392933.html?cgid=mercearias-chocolates-gomas",
                                    "imagem": "https://www.continente.pt/dw/image/v2/BDVS_PRD/on/demandware.static/-/Sites-col-master-catalog/default/dw3ca56db0/images/col/439/4392933-direito.jpg?sw=280&sh=280"
                                },
                                {
                                    "marca": "Sugus",
                                    "descricao": "Caramelos de Fruta",
                                    "preco": "1,05€",
                                    "preco_antigo": null,
                                    "quantidade": "emb. 45 gr",
                                    "precoPorQuantidade": "23,33€/kg",
                                    "link": "https://www.continente.pt/produto/caramelos-de-fruta-sugus-4382238.html?cgid=mercearias-chocolates-gomas",
                                    "imagem": "https://www.continente.pt/dw/image/v2/BDVS_PRD/on/demandware.static/-/Sites-col-master-catalog/default/dw8a4f8300/images/col/438/4382238-direito.jpg?sw=280&sh=280"
                                },
                                {
                                    "marca": "Halls",
                                    "descricao": "Rebuçados Citrus Mix sem Açúcar",
                                    "preco": "2,99€",
                                    "preco_antigo": null,
                                    "quantidade": "emb. 4 x 32 gr",
                                    "precoPorQuantidade": "23,36€/kg",
                                    "link": "https://www.continente.pt/produto/rebucados-citrus-mix-sem-acucar-halls-3799485.html?cgid=mercearias-chocolates-gomas",
                                    "imagem": "https://www.continente.pt/dw/image/v2/BDVS_PRD/on/demandware.static/-/Sites-col-master-catalog/default/dw27b0981d/images/col/379/3799485-frente.jpg?sw=280&sh=280"
                                },
                                {
                                    "marca": "Halls",
                                    "descricao": "Rebuçados de Mel e Limão sem Açúcar",
                                    "preco": "2,99€",
                                    "preco_antigo": null,
                                    "quantidade": "emb. 4 x 32 gr",
                                    "precoPorQuantidade": "23,36€/kg",
                                    "link": "https://www.continente.pt/produto/rebucados-de-mel-e-limao-sem-acucar-halls-6118068.html?cgid=mercearias-chocolates-gomas",
                                    "imagem": "https://www.continente.pt/dw/image/v2/BDVS_PRD/on/demandware.static/-/Sites-col-master-catalog/default/dw17b55090/images/col/611/6118068-frente.jpg?sw=280&sh=280"
                                },
                                {
                                    "marca": "Halls",
                                    "descricao": "Rebuçados Energy Ice Tea",
                                    "preco": "2,99€",
                                    "preco_antigo": null,
                                    "quantidade": "emb. 4 x 32 gr",
                                    "precoPorQuantidade": "23,36€/kg",
                                    "link": "https://www.continente.pt/produto/rebucados-energy-ice-tea-halls-7171678.html?cgid=mercearias-chocolates-gomas",
                                    "imagem": "https://www.continente.pt/dw/image/v2/BDVS_PRD/on/demandware.static/-/Sites-col-master-catalog/default/dw94436dcb/images/col/717/7171678-frente.jpg?sw=280&sh=280"
                                },
                                {
                                    "marca": "Halls",
                                    "descricao": "Rebuçados de Melancia sem Açúcar",
                                    "preco": "2,99€",
                                    "preco_antigo": null,
                                    "quantidade": "emb. 4 x 32 gr",
                                    "precoPorQuantidade": "23,36€/kg",
                                    "link": "https://www.continente.pt/produto/rebucados-de-melancia-sem-acucar-halls-5550365.html?cgid=mercearias-chocolates-gomas",
                                    "imagem": "https://www.continente.pt/dw/image/v2/BDVS_PRD/on/demandware.static/-/Sites-col-master-catalog/default/dw2ef59c75/images/col/555/5550365-frente.jpg?sw=280&sh=280"
                                },
                                {
                                    "marca": "Halls",
                                    "descricao": "Rebuçados Original sem Açúcar",
                                    "preco": "2,99€",
                                    "preco_antigo": null,
                                    "quantidade": "emb. 4 x 32 gr",
                                    "precoPorQuantidade": "23,36€/kg",
                                    "link": "https://www.continente.pt/produto/rebucados-original-sem-acucar-halls-2348932.html?cgid=mercearias-chocolates-gomas",
                                    "imagem": "https://www.continente.pt/dw/image/v2/BDVS_PRD/on/demandware.static/-/Sites-col-master-catalog/default/dw3ddfd195/images/col/234/2348932-frente.jpg?sw=280&sh=280"
                                },
                                {
                                    "marca": "Halls",
                                    "descricao": "Rebuçados Extra Strong sem Açúcar",
                                    "preco": "2,99€",
                                    "preco_antigo": null,
                                    "quantidade": "emb. 4 x 32 gr",
                                    "precoPorQuantidade": "23,36€/kg",
                                    "link": "https://www.continente.pt/produto/rebucados-extra-strong-sem-acucar-halls-7013601.html?cgid=mercearias-chocolates-gomas",
                                    "imagem": "https://www.continente.pt/dw/image/v2/BDVS_PRD/on/demandware.static/-/Sites-col-master-catalog/default/dwa8ffb1ec/images/col/701/7013601-frente.jpg?sw=280&sh=280"
                                },
                                {
                                    "marca": "Halls",
                                    "descricao": "Rebuçados Energy Cola",
                                    "preco": "2,99€",
                                    "preco_antigo": null,
                                    "quantidade": "emb. 4 x 32 gr",
                                    "precoPorQuantidade": "23,36€/kg",
                                    "link": "https://www.continente.pt/produto/rebucados-energy-cola-halls-7171675.html?cgid=mercearias-chocolates-gomas",
                                    "imagem": "https://www.continente.pt/dw/image/v2/BDVS_PRD/on/demandware.static/-/Sites-col-master-catalog/default/dw82f73e02/images/col/717/7171675-frente.jpg?sw=280&sh=280"
                                },
                                {
                                    "marca": "Halls",
                                    "descricao": "Rebuçados de Morango sem Açúcar",
                                    "preco": "0,79€",
                                    "preco_antigo": null,
                                    "quantidade": "emb. 32 gr",
                                    "precoPorQuantidade": "24,69€/kg",
                                    "link": "https://www.continente.pt/produto/rebucados-de-morango-sem-acucar-halls-4039530.html?cgid=mercearias-chocolates-gomas",
                                    "imagem": "https://www.continente.pt/dw/image/v2/BDVS_PRD/on/demandware.static/-/Sites-col-master-catalog/default/dwc7bd5c9a/images/col/403/4039530-frente.jpg?sw=280&sh=280"
                                },
                                {
                                    "marca": "Halls",
                                    "descricao": "Rebuçados de Mentol e Eucalipto sem Açúcar",
                                    "preco": "0,79€",
                                    "preco_antigo": null,
                                    "quantidade": "emb. 32 gr",
                                    "precoPorQuantidade": "24,69€/kg",
                                    "link": "https://www.continente.pt/produto/rebucados-de-mentol-e-eucalipto-sem-acucar-halls-2260345.html?cgid=mercearias-chocolates-gomas",
                                    "imagem": "https://www.continente.pt/dw/image/v2/BDVS_PRD/on/demandware.static/-/Sites-col-master-catalog/default/dw366fed02/images/col/226/2260345-frente.jpg?sw=280&sh=280"
                                },
                                {
                                    "marca": "Halls",
                                    "descricao": "Rebuçados de Mel e Limão sem Açúcar",
                                    "preco": "0,79€",
                                    "preco_antigo": null,
                                    "quantidade": "emb. 32 gr",
                                    "precoPorQuantidade": "24,69€/kg",
                                    "link": "https://www.continente.pt/produto/rebucados-de-mel-e-limao-sem-acucar-halls-6118065.html?cgid=mercearias-chocolates-gomas",
                                    "imagem": "https://www.continente.pt/dw/image/v2/BDVS_PRD/on/demandware.static/-/Sites-col-master-catalog/default/dw42c90d36/images/col/611/6118065-frente.jpg?sw=280&sh=280"
                                },
                                {
                                    "marca": "Halls",
                                    "descricao": "Rebuçados de Melancia sem Açúcar",
                                    "preco": "0,79€",
                                    "preco_antigo": null,
                                    "quantidade": "emb. 32 gr",
                                    "precoPorQuantidade": "24,69€/kg",
                                    "link": "https://www.continente.pt/produto/rebucados-de-melancia-sem-acucar-halls-5949633.html?cgid=mercearias-chocolates-gomas",
                                    "imagem": "https://www.continente.pt/dw/image/v2/BDVS_PRD/on/demandware.static/-/Sites-col-master-catalog/default/dw85377c53/images/col/594/5949633-frente.jpg?sw=280&sh=280"
                                },
                                {
                                    "marca": "Halls",
                                    "descricao": "Rebuçados Citrus Mix sem Açúcar",
                                    "preco": "0,79€",
                                    "preco_antigo": null,
                                    "quantidade": "emb. 32 gr",
                                    "precoPorQuantidade": "24,69€/kg",
                                    "link": "https://www.continente.pt/produto/rebucados-citrus-mix-sem-acucar-halls-3834625.html?cgid=mercearias-chocolates-gomas",
                                    "imagem": "https://www.continente.pt/dw/image/v2/BDVS_PRD/on/demandware.static/-/Sites-col-master-catalog/default/dwa963aff7/images/col/383/3834625-frente.jpg?sw=280&sh=280"
                                },
                                {
                                    "marca": "Halls",
                                    "descricao": "Rebuçados Extra Strong",
                                    "preco": "0,79€",
                                    "preco_antigo": null,
                                    "quantidade": "emb. 32 gr",
                                    "precoPorQuantidade": "24,69€/kg",
                                    "link": "https://www.continente.pt/produto/rebucados-extra-strong-halls-6358925.html?cgid=mercearias-chocolates-gomas",
                                    "imagem": "https://www.continente.pt/dw/image/v2/BDVS_PRD/on/demandware.static/-/Sites-col-master-catalog/default/dw0f1c18c5/images/col/635/6358925-frente.jpg?sw=280&sh=280"
                                },
                                {
                                    "marca": "Halls",
                                    "descricao": "Rebuçados de Canela sem Açúcar",
                                    "preco": "0,79€",
                                    "preco_antigo": null,
                                    "quantidade": "emb. 32 gr",
                                    "precoPorQuantidade": "24,69€/kg",
                                    "link": "https://www.continente.pt/produto/rebucados-de-canela-sem-acucar-halls-6772178.html?cgid=mercearias-chocolates-gomas",
                                    "imagem": "https://www.continente.pt/dw/image/v2/BDVS_PRD/on/demandware.static/-/Sites-col-master-catalog/default/dw9920a5f6/images/col/677/6772178-frente.jpg?sw=280&sh=280"
                                },
                                {
                                    "marca": "Continente",
                                    "descricao": "Pastilhas Elásticas de Melancia sem Açúcar",
                                    "preco": "1,39€",
                                    "preco_antigo": null,
                                    "quantidade": "emb. 2 x 27 gr",
                                    "precoPorQuantidade": "24,82€/kg",
                                    "link": "https://www.continente.pt/produto/pastilhas-elasticas-de-melancia-sem-acucar-continente-6516612.html?cgid=mercearias-chocolates-gomas",
                                    "imagem": "https://www.continente.pt/dw/image/v2/BDVS_PRD/on/demandware.static/-/Sites-col-master-catalog/default/dwfd5e4caa/images/col/651/6516612-frente.jpg?sw=280&sh=280"
                                },
                                {
                                    "marca": "Continente",
                                    "descricao": "Pastilhas Elásticas de Spearmint sem Açúcar",
                                    "preco": "1,39€",
                                    "preco_antigo": null,
                                    "quantidade": "emb. 2 x 27 gr",
                                    "precoPorQuantidade": "24,82€/kg",
                                    "link": "https://www.continente.pt/produto/pastilhas-elasticas-de-spearmint-sem-acucar-continente-6516611.html?cgid=mercearias-chocolates-gomas",
                                    "imagem": "https://www.continente.pt/dw/image/v2/BDVS_PRD/on/demandware.static/-/Sites-col-master-catalog/default/dw0144899b/images/col/651/6516611-frente.jpg?sw=280&sh=280"
                                },
                                {
                                    "marca": "Chupa Chups",
                                    "descricao": "Chupa de Morango Lovers sem Glúten",
                                    "preco": "2,99€",
                                    "preco_antigo": null,
                                    "quantidade": "emb. 120 gr",
                                    "precoPorQuantidade": "24,92€/kg",
                                    "link": "https://www.continente.pt/produto/chupa-de-morango-lovers-sem-gluten-chupa-chups-7363338.html?cgid=mercearias-chocolates-gomas",
                                    "imagem": "https://www.continente.pt/dw/image/v2/BDVS_PRD/on/demandware.static/-/Sites-col-master-catalog/default/dw52742499/images/col/736/7363338-frente.jpg?sw=280&sh=280"
                                },
                                {
                                    "marca": "Pez",
                                    "descricao": "Drageias Recarga",
                                    "preco": "1,85€",
                                    "preco_antigo": null,
                                    "quantidade": "emb. 68 gr",
                                    "precoPorQuantidade": "27,21€/kg",
                                    "link": "https://www.continente.pt/produto/drageias-recarga-pez-2003633.html?cgid=mercearias-chocolates-gomas",
                                    "imagem": "https://www.continente.pt/dw/image/v2/BDVS_PRD/on/demandware.static/-/Sites-col-master-catalog/default/dw4acd1724/images/col/200/2003633-frente.jpg?sw=280&sh=280"
                                },
                                {
                                    "marca": "Halls",
                                    "descricao": "Rebuçados Energy Cola",
                                    "preco": "0,89€",
                                    "preco_antigo": null,
                                    "quantidade": "emb. 32 gr",
                                    "precoPorQuantidade": "27,81€/kg",
                                    "link": "https://www.continente.pt/produto/rebucados-energy-cola-halls-7172330.html?cgid=mercearias-chocolates-gomas",
                                    "imagem": "https://www.continente.pt/dw/image/v2/BDVS_PRD/on/demandware.static/-/Sites-col-master-catalog/default/dwdaa994dd/images/col/717/7172330-frente.jpg?sw=280&sh=280"
                                },
                                {
                                    "marca": "Halls",
                                    "descricao": "Rebuçados Energy Ice Tea",
                                    "preco": "0,89€",
                                    "preco_antigo": null,
                                    "quantidade": "emb. 32 gr",
                                    "precoPorQuantidade": "27,81€/kg",
                                    "link": "https://www.continente.pt/produto/rebucados-energy-ice-tea-halls-7172332.html?cgid=mercearias-chocolates-gomas",
                                    "imagem": "https://www.continente.pt/dw/image/v2/BDVS_PRD/on/demandware.static/-/Sites-col-master-catalog/default/dw4d9238f4/images/col/717/7172332-frente.jpg?sw=280&sh=280"
                                },
                                {
                                    "marca": "Werther's",
                                    "descricao": "Caramelos Original",
                                    "preco": "1,49€",
                                    "preco_antigo": null,
                                    "quantidade": "emb. 50 gr",
                                    "precoPorQuantidade": "29,80€/kg",
                                    "link": "https://www.continente.pt/produto/caramelos-original-werthers-2452487.html?cgid=mercearias-chocolates-gomas",
                                    "imagem": "https://www.continente.pt/dw/image/v2/BDVS_PRD/on/demandware.static/-/Sites-col-master-catalog/default/dwcd413042/images/col/245/2452487-esquerdo.jpg?sw=280&sh=280"
                                },
                                {
                                    "marca": "Chupa Chups",
                                    "descricao": "Dips Crazy de Morango",
                                    "preco": "0,50€",
                                    "preco_antigo": null,
                                    "quantidade": "emb. 16 gr",
                                    "precoPorQuantidade": "31,25€/kg",
                                    "link": "https://www.continente.pt/produto/dips-crazy-de-morango-chupa-chups-4301681.html?cgid=mercearias-chocolates-gomas",
                                    "imagem": "https://www.continente.pt/dw/image/v2/BDVS_PRD/on/demandware.static/-/Sites-col-master-catalog/default/dw3345df13/images/col/430/4301681-frente.jpg?sw=280&sh=280"
                                },
                                {
                                    "marca": "Chupa Chups",
                                    "descricao": "Chupa de Morango",
                                    "preco": "0,39€",
                                    "preco_antigo": null,
                                    "quantidade": "emb. 12 gr",
                                    "precoPorQuantidade": "32,50€/kg",
                                    "link": "https://www.continente.pt/produto/chupa-de-morango-chupa-chups-2581027.html?cgid=mercearias-chocolates-gomas",
                                    "imagem": "https://www.continente.pt/dw/image/v2/BDVS_PRD/on/demandware.static/-/Sites-col-master-catalog/default/dw220d9b90/images/col/258/2581027-cima.jpg?sw=280&sh=280"
                                },
                                {
                                    "marca": "Orbit",
                                    "descricao": "Pastilhas Elásticas de Bubblemint sem Açúcar",
                                    "preco": "1,99€",
                                    "preco_antigo": null,
                                    "quantidade": "emb. 4 un",
                                    "precoPorQuantidade": "33,17€/kg",
                                    "link": "https://www.continente.pt/produto/pastilhas-elasticas-de-bubblemint-sem-acucar-orbit-5550510.html?cgid=mercearias-chocolates-gomas",
                                    "imagem": "https://www.continente.pt/dw/image/v2/BDVS_PRD/on/demandware.static/-/Sites-col-master-catalog/default/dwec23543e/images/col/555/5550510-frente.jpg?sw=280&sh=280"
                                },
                                {
                                    "marca": "Werther's",
                                    "descricao": "Caramelos Original sem Açúcar",
                                    "preco": "2,99€",
                                    "preco_antigo": null,
                                    "quantidade": "emb. 90 gr",
                                    "precoPorQuantidade": "33,22€/kg",
                                    "link": "https://www.continente.pt/produto/caramelos-original-sem-acucar-werthers-5067722.html?cgid=mercearias-chocolates-gomas",
                                    "imagem": "https://www.continente.pt/dw/image/v2/BDVS_PRD/on/demandware.static/-/Sites-col-master-catalog/default/dwd2e38bd0/images/col/506/5067722-frente.jpg?sw=280&sh=280"
                                },
                                {
                                    "marca": "Werther's",
                                    "descricao": "Caramelos Cappuccino sem Açúcar",
                                    "preco": "2,99€",
                                    "preco_antigo": null,
                                    "quantidade": "emb. 90 gr",
                                    "precoPorQuantidade": "33,22€ /kg",
                                    "link": "https://www.continente.pt/produto/caramelos-cappuccino-sem-acucar-werthers-3851724.html?cgid=mercearias-chocolates-gomas",
                                    "imagem": "https://www.continente.pt/dw/image/v2/BDVS_PRD/on/demandware.static/-/Sites-col-master-catalog/default/dw6c6e843a/images/col/385/3851724-frente.jpg?sw=280&sh=280"
                                },
                                {
                                    "marca": "Gorila",
                                    "descricao": "Pastilhas Elásticas de Tutti Frutti sem Açúcar e sem Glúten",
                                    "preco": "0,68€",
                                    "preco_antigo": null,
                                    "quantidade": "emb. 20 gr",
                                    "precoPorQuantidade": "34,00€/un",
                                    "link": "https://www.continente.pt/produto/pastilhas-elasticas-de-tutti-frutti-sem-acucar-e-sem-gluten-gorila-5874277.html?cgid=mercearias-chocolates-gomas",
                                    "imagem": "https://www.continente.pt/dw/image/v2/BDVS_PRD/on/demandware.static/-/Sites-col-master-catalog/default/dw63681ea4/images/col/587/5874277-frente.jpg?sw=280&sh=280"
                                },
                                {
                                    "marca": "Gorila",
                                    "descricao": "Drageias Gorila Go Fruity sem Açúcar Morango",
                                    "preco": "0,68€",
                                    "preco_antigo": null,
                                    "quantidade": "emb. 20 gr",
                                    "precoPorQuantidade": "34,00€/un",
                                    "link": "https://www.continente.pt/produto/drageias-gorila-go-fruity-sem-acucar-morango-gorila-5874289.html?cgid=mercearias-chocolates-gomas",
                                    "imagem": "https://www.continente.pt/dw/image/v2/BDVS_PRD/on/demandware.static/-/Sites-col-master-catalog/default/dwa85f7b13/images/col/587/5874289-frente.jpg?sw=280&sh=280"
                                },
                                {
                                    "marca": "Gorila",
                                    "descricao": "Drageias Gorila Go Fresh sem Açúcar Spearmint",
                                    "preco": "0,68€",
                                    "preco_antigo": null,
                                    "quantidade": "emb. 20 gr",
                                    "precoPorQuantidade": "34,00€/un",
                                    "link": "https://www.continente.pt/produto/drageias-gorila-go-fresh-sem-acucar-spearmint-gorila-5874366.html?cgid=mercearias-chocolates-gomas",
                                    "imagem": "https://www.continente.pt/dw/image/v2/BDVS_PRD/on/demandware.static/-/Sites-col-master-catalog/default/dw560f0109/images/col/587/5874366-frente.jpg?sw=280&sh=280"
                                },
                                {
                                    "marca": "Orbit",
                                    "descricao": "Pastilhas Elásticas de Spearmint sem Açúcar",
                                    "preco": "1,99€",
                                    "preco_antigo": null,
                                    "quantidade": "emb. 4 x 14 gr",
                                    "precoPorQuantidade": "35,54€/kg",
                                    "link": "https://www.continente.pt/produto/pastilhas-elasticas-de-spearmint-sem-acucar-orbit-2167531.html?cgid=mercearias-chocolates-gomas",
                                    "imagem": "https://www.continente.pt/dw/image/v2/BDVS_PRD/on/demandware.static/-/Sites-col-master-catalog/default/dw411fe2a6/images/col/216/2167531-frente.jpg?sw=280&sh=280"
                                },
                                {
                                    "marca": "Orbit",
                                    "descricao": "Pastilhas Elásticas de Menta sem Açúcar",
                                    "preco": "1,99€",
                                    "preco_antigo": null,
                                    "quantidade": "emb. 4 x 14 gr",
                                    "precoPorQuantidade": "35,54€/kg",
                                    "link": "https://www.continente.pt/produto/pastilhas-elasticas-de-menta-sem-acucar-orbit-2037302.html?cgid=mercearias-chocolates-gomas",
                                    "imagem": "https://www.continente.pt/dw/image/v2/BDVS_PRD/on/demandware.static/-/Sites-col-master-catalog/default/dwe7773319/images/col/203/2037302-frente.jpg?sw=280&sh=280"
                                },
                                {
                                    "marca": "Orbit",
                                    "descricao": "Pastilhas Elásticas de Morango sem Açúcar",
                                    "preco": "2,99€",
                                    "preco_antigo": null,
                                    "quantidade": "emb. 84 gr",
                                    "precoPorQuantidade": "35,60€/kg",
                                    "link": "https://www.continente.pt/produto/pastilhas-elasticas-de-morango-sem-acucar-orbit-6707182.html?cgid=mercearias-chocolates-gomas",
                                    "imagem": "https://www.continente.pt/dw/image/v2/BDVS_PRD/on/demandware.static/-/Sites-col-master-catalog/default/dw87898760/images/col/670/6707182-frente.jpg?sw=280&sh=280"
                                },
                                {
                                    "marca": "Orbit",
                                    "descricao": "Pastilhas Elásticas de Bubblemint sem Açúcar",
                                    "preco": "2,99€",
                                    "preco_antigo": null,
                                    "quantidade": "emb. 84 gr",
                                    "precoPorQuantidade": "35,60€/kg",
                                    "link": "https://www.continente.pt/produto/pastilhas-elasticas-de-bubblemint-sem-acucar-orbit-6707180.html?cgid=mercearias-chocolates-gomas",
                                    "imagem": "https://www.continente.pt/dw/image/v2/BDVS_PRD/on/demandware.static/-/Sites-col-master-catalog/default/dw4e84a0d9/images/col/670/6707180-frente.jpg?sw=280&sh=280"
                                },
                                {
                                    "marca": "Orbit",
                                    "descricao": "Pastilhas Elásticas de Peppermint sem Açúcar",
                                    "preco": "2,99€",
                                    "preco_antigo": null,
                                    "quantidade": "emb. 84 gr",
                                    "precoPorQuantidade": "35,60€/kg",
                                    "link": "https://www.continente.pt/produto/pastilhas-elasticas-de-peppermint-sem-acucar-orbit-6707178.html?cgid=mercearias-chocolates-gomas",
                                    "imagem": "https://www.continente.pt/dw/image/v2/BDVS_PRD/on/demandware.static/-/Sites-col-master-catalog/default/dw6f8169d4/images/col/670/6707178-frente.jpg?sw=280&sh=280"
                                },
                                {
                                    "marca": "Orbit",
                                    "descricao": "Pastilhas Elásticas de Spearmint sem Açúcar",
                                    "preco": "2,99€",
                                    "preco_antigo": null,
                                    "quantidade": "emb. 84 gr",
                                    "precoPorQuantidade": "35,60€/kg",
                                    "link": "https://www.continente.pt/produto/pastilhas-elasticas-de-spearmint-sem-acucar-orbit-6707175.html?cgid=mercearias-chocolates-gomas",
                                    "imagem": "https://www.continente.pt/dw/image/v2/BDVS_PRD/on/demandware.static/-/Sites-col-master-catalog/default/dw376af025/images/col/670/6707175-frente.jpg?sw=280&sh=280"
                                },
                                {
                                    "marca": "Trident",
                                    "descricao": "Pastilhas Elásticas Senses Melancia Sem Açúcar",
                                    "preco": "2,59€",
                                    "preco_antigo": null,
                                    "quantidade": "emb. 3 x 23 gr",
                                    "precoPorQuantidade": "37,54€/kg",
                                    "link": "https://www.continente.pt/produto/pastilhas-elasticas-senses-melancia-sem-acucar-trident-6297370.html?cgid=mercearias-chocolates-gomas",
                                    "imagem": "https://www.continente.pt/dw/image/v2/BDVS_PRD/on/demandware.static/-/Sites-col-master-catalog/default/dwf6462a07/images/col/629/6297370-frente.jpg?sw=280&sh=280"
                                },
                                {
                                    "marca": "Trident",
                                    "descricao": "Pastilhas Elásticas Senses Berry Sem Açúcar",
                                    "preco": "2,59€",
                                    "preco_antigo": null,
                                    "quantidade": "emb. 3 x 23 gr",
                                    "precoPorQuantidade": "37,54€/kg",
                                    "link": "https://www.continente.pt/produto/pastilhas-elasticas-senses-berry-sem-acucar-trident-6297383.html?cgid=mercearias-chocolates-gomas",
                                    "imagem": "https://www.continente.pt/dw/image/v2/BDVS_PRD/on/demandware.static/-/Sites-col-master-catalog/default/dw06078665/images/col/629/6297383-frente.jpg?sw=280&sh=280"
                                },
                                {
                                    "marca": "Trident",
                                    "descricao": "Pastilhas Elásticas Senses Spearmint Sem Açúcar",
                                    "preco": "2,59€",
                                    "preco_antigo": null,
                                    "quantidade": "emb. 3 x 23 gr",
                                    "precoPorQuantidade": "37,54€/kg",
                                    "link": "https://www.continente.pt/produto/pastilhas-elasticas-senses-spearmint-sem-acucar-trident-6297386.html?cgid=mercearias-chocolates-gomas",
                                    "imagem": "https://www.continente.pt/dw/image/v2/BDVS_PRD/on/demandware.static/-/Sites-col-master-catalog/default/dwba711de2/images/col/629/6297386-frente.jpg?sw=280&sh=280"
                                },
                                {
                                    "marca": "Chupa Chups",
                                    "descricao": "Chupas Melody",
                                    "preco": "2,29€",
                                    "preco_antigo": null,
                                    "quantidade": "emb. 4 un",
                                    "precoPorQuantidade": "38,17€/kg",
                                    "link": "https://www.continente.pt/produto/chupas-melody-chupa-chups-2001805.html?cgid=mercearias-chocolates-gomas",
                                    "imagem": "https://www.continente.pt/dw/image/v2/BDVS_PRD/on/demandware.static/-/Sites-col-master-catalog/default/dwb2eb3d97/images/col/200/2001805-frente.jpg?sw=280&sh=280"
                                },
                                {
                                    "marca": "Trident",
                                    "descricao": "Pastilhas Elásticas Max Slab Framboesa Limão Sem Açúcar",
                                    "preco": "0,95€",
                                    "preco_antigo": null,
                                    "quantidade": "emb. 23 gr",
                                    "precoPorQuantidade": "41,30€/kg",
                                    "link": "https://www.continente.pt/produto/pastilhas-elasticas-max-slab-framboesa-limao-sem-acucar-trident-6270919.html?cgid=mercearias-chocolates-gomas",
                                    "imagem": "https://www.continente.pt/dw/image/v2/BDVS_PRD/on/demandware.static/-/Sites-col-master-catalog/default/dw8cf553d0/images/col/627/6270919-frente.jpg?sw=280&sh=280"
                                },
                                {
                                    "marca": "Trident",
                                    "descricao": "Pastilhas Elásticas Senses Tropical Sem Açúcar",
                                    "preco": "0,95€",
                                    "preco_antigo": null,
                                    "quantidade": "emb. 23 gr",
                                    "precoPorQuantidade": "41,30€/kg",
                                    "link": "https://www.continente.pt/produto/pastilhas-elasticas-senses-tropical-sem-acucar-trident-6297309.html?cgid=mercearias-chocolates-gomas",
                                    "imagem": "https://www.continente.pt/dw/image/v2/BDVS_PRD/on/demandware.static/-/Sites-col-master-catalog/default/dw3bda96c8/images/col/629/6297309-frente.jpg?sw=280&sh=280"
                                },
                                {
                                    "marca": "Trident",
                                    "descricao": "Pastilhas Elásticas Max Slab Spearmint Sem Açúcar",
                                    "preco": "0,95€",
                                    "preco_antigo": null,
                                    "quantidade": "emb. 23 gr",
                                    "precoPorQuantidade": "41,30€/kg",
                                    "link": "https://www.continente.pt/produto/pastilhas-elasticas-max-slab-spearmint-sem-acucar-trident-6271531.html?cgid=mercearias-chocolates-gomas",
                                    "imagem": "https://www.continente.pt/dw/image/v2/BDVS_PRD/on/demandware.static/-/Sites-col-master-catalog/default/dw344d5afb/images/col/627/6271531-frente.jpg?sw=280&sh=280"
                                },
                                {
                                    "marca": "Trident",
                                    "descricao": "Pastilhas Elásticas Max Slab Melancia Pêssego Sem Açúcar",
                                    "preco": "0,95€",
                                    "preco_antigo": null,
                                    "quantidade": "emb. 23 gr",
                                    "precoPorQuantidade": "41,30€/kg",
                                    "link": "https://www.continente.pt/produto/pastilhas-elasticas-max-slab-melancia-pessego-sem-acucar-trident-6271200.html?cgid=mercearias-chocolates-gomas",
                                    "imagem": "https://www.continente.pt/dw/image/v2/BDVS_PRD/on/demandware.static/-/Sites-col-master-catalog/default/dw87ae3129/images/col/627/6271200-frente.jpg?sw=280&sh=280"
                                },
                                {
                                    "marca": "Trident",
                                    "descricao": "Pastilhas Elásticas Senses Spearmint Sem Açúcar",
                                    "preco": "0,95€",
                                    "preco_antigo": null,
                                    "quantidade": "emb. 23 gr",
                                    "precoPorQuantidade": "41,30€/kg",
                                    "link": "https://www.continente.pt/produto/pastilhas-elasticas-senses-spearmint-sem-acucar-trident-6297328.html?cgid=mercearias-chocolates-gomas",
                                    "imagem": "https://www.continente.pt/dw/image/v2/BDVS_PRD/on/demandware.static/-/Sites-col-master-catalog/default/dwc2a0ac56/images/col/629/6297328-frente.jpg?sw=280&sh=280"
                                },
                                {
                                    "marca": "Trident",
                                    "descricao": "Pastilhas Elásticas Senses Melancia Sem Açúcar",
                                    "preco": "0,95€",
                                    "preco_antigo": null,
                                    "quantidade": "emb. 23 gr",
                                    "precoPorQuantidade": "41,30€/kg",
                                    "link": "https://www.continente.pt/produto/pastilhas-elasticas-senses-melancia-sem-acucar-trident-6297312.html?cgid=mercearias-chocolates-gomas",
                                    "imagem": "https://www.continente.pt/dw/image/v2/BDVS_PRD/on/demandware.static/-/Sites-col-master-catalog/default/dw5959d921/images/col/629/6297312-frente.jpg?sw=280&sh=280"
                                },
                                {
                                    "marca": "Trident",
                                    "descricao": "Pastilhas Elásticas Senses Berry Sem Açúcar",
                                    "preco": "0,95€",
                                    "preco_antigo": null,
                                    "quantidade": "emb. 23 gr",
                                    "precoPorQuantidade": "41,30€/kg",
                                    "link": "https://www.continente.pt/produto/pastilhas-elasticas-senses-berry-sem-acucar-trident-6297318.html?cgid=mercearias-chocolates-gomas",
                                    "imagem": "https://www.continente.pt/dw/image/v2/BDVS_PRD/on/demandware.static/-/Sites-col-master-catalog/default/dw09b14970/images/col/629/6297318-frente.jpg?sw=280&sh=280"
                                },
                                {
                                    "marca": "Trident",
                                    "descricao": "Pastilhas Elásticas Morango Sem Açúcar",
                                    "preco": "1,00€",
                                    "preco_antigo": null,
                                    "quantidade": "emb. 23,8 gr",
                                    "precoPorQuantidade": "41,67€/kg",
                                    "link": "https://www.continente.pt/produto/pastilhas-elasticas-morango-sem-acucar-trident-6624414.html?cgid=mercearias-chocolates-gomas",
                                    "imagem": "https://www.continente.pt/dw/image/v2/BDVS_PRD/on/demandware.static/-/Sites-col-master-catalog/default/dwc34fbcbc/images/col/662/6624414-direito.jpg?sw=280&sh=280"
                                },
                                {
                                    "marca": "Trident",
                                    "descricao": "Pastilhas Elásticas Spearmint Sem Açúcar",
                                    "preco": "1,00€",
                                    "preco_antigo": null,
                                    "quantidade": "emb. 24 gr",
                                    "precoPorQuantidade": "41,67€/kg",
                                    "link": "https://www.continente.pt/produto/pastilhas-elasticas-spearmint-sem-acucar-trident-5949624.html?cgid=mercearias-chocolates-gomas",
                                    "imagem": "https://www.continente.pt/dw/image/v2/BDVS_PRD/on/demandware.static/-/Sites-col-master-catalog/default/dw09dd4fde/images/col/594/5949624-direito.jpg?sw=280&sh=280"
                                },
                                {
                                    "marca": "Mentos",
                                    "descricao": "Pastilhas Elásticas Fresh Mint sem Açúcar",
                                    "preco": "2,55€",
                                    "preco_antigo": null,
                                    "quantidade": "emb. 60 gr",
                                    "precoPorQuantidade": "42,50€/kg",
                                    "link": "https://www.continente.pt/produto/pastilhas-elasticas-fresh-mint-sem-acucar-mentos-5799367.html?cgid=mercearias-chocolates-gomas",
                                    "imagem": "https://www.continente.pt/dw/image/v2/BDVS_PRD/on/demandware.static/-/Sites-col-master-catalog/default/dwe4c5e63f/images/col/579/5799367-cima.jpg?sw=280&sh=280"
                                },
                                {
                                    "marca": "Mentos",
                                    "descricao": "Pastilhas Elásticas Fruit Lime sem Açúcar",
                                    "preco": "2,55€",
                                    "preco_antigo": null,
                                    "quantidade": "emb. 78 gr",
                                    "precoPorQuantidade": "42,50€/kg",
                                    "link": "https://www.continente.pt/produto/pastilhas-elasticas-fruit-lime-sem-acucar-mentos-5799342.html?cgid=mercearias-chocolates-gomas",
                                    "imagem": "https://www.continente.pt/dw/image/v2/BDVS_PRD/on/demandware.static/-/Sites-col-master-catalog/default/dwbc71a88b/images/col/579/5799342-cima.jpg?sw=280&sh=280"
                                },
                                {
                                    "marca": "Trident",
                                    "descricao": "Pastilhas Elásticas 60 Minutos Peppermint Sem Açúcar",
                                    "preco": "2,59€",
                                    "preco_antigo": null,
                                    "quantidade": "emb. 3 x 20 gr",
                                    "precoPorQuantidade": "43,17€/kg",
                                    "link": "https://www.continente.pt/produto/pastilhas-elasticas-60-minutos-peppermint-sem-acucar-trident-5026339.html?cgid=mercearias-chocolates-gomas",
                                    "imagem": "https://www.continente.pt/dw/image/v2/BDVS_PRD/on/demandware.static/-/Sites-col-master-catalog/default/dw2b6e477d/images/col/502/5026339-frente.jpg?sw=280&sh=280"
                                },
                                {
                                    "marca": "Trident",
                                    "descricao": "Pastilhas Elásticas 60 Minutos Spearmint Sem Açúcar",
                                    "preco": "2,59€",
                                    "preco_antigo": null,
                                    "quantidade": "emb. 3 x 20 gr",
                                    "precoPorQuantidade": "43,17€/kg",
                                    "link": "https://www.continente.pt/produto/pastilhas-elasticas-60-minutos-spearmint-sem-acucar-trident-5026334.html?cgid=mercearias-chocolates-gomas",
                                    "imagem": "https://www.continente.pt/dw/image/v2/BDVS_PRD/on/demandware.static/-/Sites-col-master-catalog/default/dw009dce9b/images/col/502/5026334-frente.jpg?sw=280&sh=280"
                                },
                                {
                                    "marca": "Trident",
                                    "descricao": "Pastilhas Elásticas Max Splash Strawberry Lime Sem Açúcar",
                                    "preco": "2,59€",
                                    "preco_antigo": null,
                                    "quantidade": "emb. 3 x 20 gr",
                                    "precoPorQuantidade": "43,17€/kg",
                                    "link": "https://www.continente.pt/produto/pastilhas-elasticas-max-splash-strawberry-lime-sem-acucar-trident-5877165.html?cgid=mercearias-chocolates-gomas",
                                    "imagem": "https://www.continente.pt/dw/image/v2/BDVS_PRD/on/demandware.static/-/Sites-col-master-catalog/default/dw7e5ec051/images/col/587/5877165-frente.jpg?sw=280&sh=280"
                                },
                                {
                                    "marca": "Trident",
                                    "descricao": "Pastilhas Elásticas Max Watermelon Frost Sem Açúcar",
                                    "preco": "2,59€",
                                    "preco_antigo": null,
                                    "quantidade": "emb. 3 x 20 gr",
                                    "precoPorQuantidade": "43,17€/kg",
                                    "link": "https://www.continente.pt/produto/pastilhas-elasticas-max-watermelon-frost-sem-acucar-trident-5877162.html?cgid=mercearias-chocolates-gomas",
                                    "imagem": "https://www.continente.pt/dw/image/v2/BDVS_PRD/on/demandware.static/-/Sites-col-master-catalog/default/dw06d0cffc/images/col/587/5877162-frente.jpg?sw=280&sh=280"
                                },
                                {
                                    "marca": "Trident",
                                    "descricao": "Pastilhas Elásticas Max Splash Strawberry Lime Sem Açúcar",
                                    "preco": "0,95€",
                                    "preco_antigo": null,
                                    "quantidade": "emb. 22 gr",
                                    "precoPorQuantidade": "43,18€/kg",
                                    "link": "https://www.continente.pt/produto/pastilhas-elasticas-max-splash-strawberry-lime-sem-acucar-trident-5877167.html?cgid=mercearias-chocolates-gomas",
                                    "imagem": "https://www.continente.pt/dw/image/v2/BDVS_PRD/on/demandware.static/-/Sites-col-master-catalog/default/dwf0b27825/images/col/587/5877167-frente.jpg?sw=280&sh=280"
                                },
                                {
                                    "marca": "Trident",
                                    "descricao": "Pastilhas Elásticas White Spearmint Sem Açúcar",
                                    "preco": "2,59€",
                                    "preco_antigo": null,
                                    "quantidade": "emb. 58 gr",
                                    "precoPorQuantidade": "44,66€/kg",
                                    "link": "https://www.continente.pt/produto/pastilhas-elasticas-white-spearmint-sem-acucar-trident-4046314.html?cgid=mercearias-chocolates-gomas",
                                    "imagem": "https://www.continente.pt/dw/image/v2/BDVS_PRD/on/demandware.static/-/Sites-col-master-catalog/default/dw4e8d682f/images/col/404/4046314-frente.jpg?sw=280&sh=280"
                                },
                                {
                                    "marca": "Chupa Chups",
                                    "descricao": "Chupas Sortido sem Açúcar e sem Glúten",
                                    "preco": "2,99€",
                                    "preco_antigo": null,
                                    "quantidade": "emb. 66 gr",
                                    "precoPorQuantidade": "45,30€/kg",
                                    "link": "https://www.continente.pt/produto/chupas-sortido-sem-acucar-e-sem-gluten-chupa-chups-4301523.html?cgid=mercearias-chocolates-gomas",
                                    "imagem": "https://www.continente.pt/dw/image/v2/BDVS_PRD/on/demandware.static/-/Sites-col-master-catalog/default/dwa3db5268/images/col/430/4301523-frente.jpg?sw=280&sh=280"
                                },
                                {
                                    "marca": "Trident",
                                    "descricao": "Pastilhas Elásticas White Spearmint Sem Açúcar",
                                    "preco": "0,68€",
                                    "preco_antigo": null,
                                    "quantidade": "1 un",
                                    "precoPorQuantidade": "45,33€/kg",
                                    "link": "https://www.continente.pt/produto/pastilhas-elasticas-white-spearmint-sem-acucar-trident-2934386.html?cgid=mercearias-chocolates-gomas",
                                    "imagem": "https://www.continente.pt/dw/image/v2/BDVS_PRD/on/demandware.static/-/Sites-col-master-catalog/default/dw4f691e0b/images/col/293/2934386-frente.jpg?sw=280&sh=280"
                                },
                                {
                                    "marca": "Chupa Chups",
                                    "descricao": "Chupa de Morango sem Açúcar",
                                    "preco": "0,55€",
                                    "preco_antigo": null,
                                    "quantidade": "emb. 12 gr",
                                    "precoPorQuantidade": "45,83€/kg",
                                    "link": "https://www.continente.pt/produto/chupa-de-morango-sem-acucar-chupa-chups-6815015.html?cgid=mercearias-chocolates-gomas",
                                    "imagem": "https://www.continente.pt/dw/image/v2/BDVS_PRD/on/demandware.static/-/Sites-col-master-catalog/default/dw1458dc3a/images/col/681/6815015-cima.jpg?sw=280&sh=280"
                                },
                                {
                                    "marca": "Trident",
                                    "descricao": "Pastilhas Elásticas Peppermint Sem Açúcar",
                                    "preco": "2,59€",
                                    "preco_antigo": null,
                                    "quantidade": "emb. 4 x 14,5 gr",
                                    "precoPorQuantidade": "46,25€/kg",
                                    "link": "https://www.continente.pt/produto/pastilhas-elasticas-peppermint-sem-acucar-trident-2035556.html?cgid=mercearias-chocolates-gomas",
                                    "imagem": "https://www.continente.pt/dw/image/v2/BDVS_PRD/on/demandware.static/-/Sites-col-master-catalog/default/dw912874bb/images/col/203/2035556-frente.jpg?sw=280&sh=280"
                                },
                                {
                                    "marca": "Trident",
                                    "descricao": "Pastilhas Elásticas Morango Sem Açúcar",
                                    "preco": "2,59€",
                                    "preco_antigo": null,
                                    "quantidade": "emb. 4 x 14,5 g",
                                    "precoPorQuantidade": "46,25€/kg",
                                    "link": "https://www.continente.pt/produto/pastilhas-elasticas-morango-sem-acucar-trident-2428811.html?cgid=mercearias-chocolates-gomas",
                                    "imagem": "https://www.continente.pt/dw/image/v2/BDVS_PRD/on/demandware.static/-/Sites-col-master-catalog/default/dwa0b03161/images/col/242/2428811-frente.jpg?sw=280&sh=280"
                                },
                                {
                                    "marca": "Trident",
                                    "descricao": "Pastilhas Elásticas Frutos Silvestres Sem Açúcar",
                                    "preco": "2,59€",
                                    "preco_antigo": null,
                                    "quantidade": "emb. 4 x 14,5 gr",
                                    "precoPorQuantidade": "46,25€/kg",
                                    "link": "https://www.continente.pt/produto/pastilhas-elasticas-frutos-silvestres-sem-acucar-trident-2936414.html?cgid=mercearias-chocolates-gomas",
                                    "imagem": "https://www.continente.pt/dw/image/v2/BDVS_PRD/on/demandware.static/-/Sites-col-master-catalog/default/dw7f6be6f6/images/col/293/2936414-frente.jpg?sw=280&sh=280"
                                },
                                {
                                    "marca": "Trident",
                                    "descricao": "Pastilhas Elásticas Extreme Mentol Sem Açúcar",
                                    "preco": "2,59€",
                                    "preco_antigo": null,
                                    "quantidade": "emb. 4 x 14 gr",
                                    "precoPorQuantidade": "46,25€/kg",
                                    "link": "https://www.continente.pt/produto/pastilhas-elasticas-extreme-mentol-sem-acucar-trident-7400067.html?cgid=mercearias-chocolates-gomas",
                                    "imagem": "https://www.continente.pt/dw/image/v2/BDVS_PRD/on/demandware.static/-/Sites-col-master-catalog/default/dw87844372/images/col/740/7400067-frente.jpg?sw=280&sh=280"
                                },
                                {
                                    "marca": "Trident",
                                    "descricao": "Pastilhas Elásticas Spearmint Sem Açúcar",
                                    "preco": "2,59€",
                                    "preco_antigo": null,
                                    "quantidade": "emb. 4 x 14,5 gr",
                                    "precoPorQuantidade": "46,25€/kg",
                                    "link": "https://www.continente.pt/produto/pastilhas-elasticas-spearmint-sem-acucar-trident-2038022.html?cgid=mercearias-chocolates-gomas",
                                    "imagem": "https://www.continente.pt/dw/image/v2/BDVS_PRD/on/demandware.static/-/Sites-col-master-catalog/default/dwf08d4cd5/images/col/203/2038022-frente.jpg?sw=280&sh=280"
                                },
                                {
                                    "marca": "Trident",
                                    "descricao": "Pastilhas Elásticas 60 Minutos Peppermint Sem Açúcar",
                                    "preco": "0,95€",
                                    "preco_antigo": null,
                                    "quantidade": "emb. 20 gr",
                                    "precoPorQuantidade": "47,50€/kg",
                                    "link": "https://www.continente.pt/produto/pastilhas-elasticas-60-minutos-peppermint-sem-acucar-trident-5026352.html?cgid=mercearias-chocolates-gomas",
                                    "imagem": "https://www.continente.pt/dw/image/v2/BDVS_PRD/on/demandware.static/-/Sites-col-master-catalog/default/dwe1d03a2e/images/col/502/5026352-frente.jpg?sw=280&sh=280"
                                },
                                {
                                    "marca": "Trident",
                                    "descricao": "Pastilhas Elásticas 60 Minutos Spearmint Sem Açúcar",
                                    "preco": "0,95€",
                                    "preco_antigo": null,
                                    "quantidade": "emb. 20 gr",
                                    "precoPorQuantidade": "47,50€/kg",
                                    "link": "https://www.continente.pt/produto/pastilhas-elasticas-60-minutos-spearmint-sem-acucar-trident-5026373.html?cgid=mercearias-chocolates-gomas",
                                    "imagem": "https://www.continente.pt/dw/image/v2/BDVS_PRD/on/demandware.static/-/Sites-col-master-catalog/default/dwd32036ff/images/col/502/5026373-frente.jpg?sw=280&sh=280"
                                },
                                {
                                    "marca": "Trident",
                                    "descricao": "Pastilhas Elásticas Max Watermelon Frost Sem Açúcar",
                                    "preco": "0,95€",
                                    "preco_antigo": null,
                                    "quantidade": "emb. 20 gr",
                                    "precoPorQuantidade": "47,50€/kg",
                                    "link": "https://www.continente.pt/produto/pastilhas-elasticas-max-watermelon-frost-sem-acucar-trident-5877169.html?cgid=mercearias-chocolates-gomas",
                                    "imagem": "https://www.continente.pt/dw/image/v2/BDVS_PRD/on/demandware.static/-/Sites-col-master-catalog/default/dw6e0efb06/images/col/587/5877169-frente.jpg?sw=280&sh=280"
                                },
                                {
                                    "marca": "Trident",
                                    "descricao": "Pastilhas Elásticas Morango Sem Açúcar",
                                    "preco": "0,68€",
                                    "preco_antigo": null,
                                    "quantidade": "emb. 14,5 gr",
                                    "precoPorQuantidade": "48,57€/kg",
                                    "link": "https://www.continente.pt/produto/pastilhas-elasticas-morango-sem-acucar-trident-2418276.html?cgid=mercearias-chocolates-gomas",
                                    "imagem": "https://www.continente.pt/dw/image/v2/BDVS_PRD/on/demandware.static/-/Sites-col-master-catalog/default/dw893f31ec/images/col/241/2418276-frente.jpg?sw=280&sh=280"
                                },
                                {
                                    "marca": "Trident",
                                    "descricao": "Pastilhas Elásticas Spearmint Sem Açúcar",
                                    "preco": "0,68€",
                                    "preco_antigo": null,
                                    "quantidade": "emb. 14,5 gr",
                                    "precoPorQuantidade": "48,57€/kg",
                                    "link": "https://www.continente.pt/produto/pastilhas-elasticas-spearmint-sem-acucar-trident-2260330.html?cgid=mercearias-chocolates-gomas",
                                    "imagem": "https://www.continente.pt/dw/image/v2/BDVS_PRD/on/demandware.static/-/Sites-col-master-catalog/default/dw2c1c80fa/images/col/226/2260330-frente.jpg?sw=280&sh=280"
                                },
                                {
                                    "marca": "Trident",
                                    "descricao": "Pastilhas Elásticas Peppermint Sem Açúcar",
                                    "preco": "0,68€",
                                    "preco_antigo": null,
                                    "quantidade": "emb. 14,5 gr",
                                    "precoPorQuantidade": "48,57€/kg",
                                    "link": "https://www.continente.pt/produto/pastilhas-elasticas-peppermint-sem-acucar-trident-2260331.html?cgid=mercearias-chocolates-gomas",
                                    "imagem": "https://www.continente.pt/dw/image/v2/BDVS_PRD/on/demandware.static/-/Sites-col-master-catalog/default/dw30750607/images/col/226/2260331-frente.jpg?sw=280&sh=280"
                                },
                                {
                                    "marca": "Trident",
                                    "descricao": "Pastilhas Elásticas Frutos Silvestres Sem Açúcar",
                                    "preco": "0,68€",
                                    "preco_antigo": null,
                                    "quantidade": "emb. 14,5 gr",
                                    "precoPorQuantidade": "48,57€/kg",
                                    "link": "https://www.continente.pt/produto/pastilhas-elasticas-frutos-silvestres-sem-acucar-trident-2918065.html?cgid=mercearias-chocolates-gomas",
                                    "imagem": "https://www.continente.pt/dw/image/v2/BDVS_PRD/on/demandware.static/-/Sites-col-master-catalog/default/dwa4776e3a/images/col/291/2918065-frente.jpg?sw=280&sh=280"
                                },
                                {
                                    "marca": "Trident",
                                    "descricao": "Pastilhas Elásticas Oral-B Peppermint Sem Açúcar",
                                    "preco": "3,49€",
                                    "preco_antigo": null,
                                    "quantidade": "emb. 68 gr",
                                    "precoPorQuantidade": "51,32€/kg",
                                    "link": "https://www.continente.pt/produto/pastilhas-elasticas-oral-b-peppermint-sem-acucar-trident-7430654.html?cgid=mercearias-chocolates-gomas",
                                    "imagem": "https://www.continente.pt/dw/image/v2/BDVS_PRD/on/demandware.static/-/Sites-col-master-catalog/default/dw223e5e39/images/col/743/7430654-frente.jpg?sw=280&sh=280"
                                },
                                {
                                    "marca": "Trident",
                                    "descricao": "Pastilhas Elásticas Oral-B Spearmint Sem Açúcar",
                                    "preco": "3,49€",
                                    "preco_antigo": null,
                                    "quantidade": "emb. 68 gr",
                                    "precoPorQuantidade": "51,32€/kg",
                                    "link": "https://www.continente.pt/produto/pastilhas-elasticas-oral-b-spearmint-sem-acucar-trident-7430655.html?cgid=mercearias-chocolates-gomas",
                                    "imagem": "https://www.continente.pt/dw/image/v2/BDVS_PRD/on/demandware.static/-/Sites-col-master-catalog/default/dw45179ff9/images/col/743/7430655-frente.jpg?sw=280&sh=280"
                                },
                                {
                                    "marca": "Smint",
                                    "descricao": "Dragueias de Eucalipto sem Açúcar",
                                    "preco": "3,69€",
                                    "preco_antigo": null,
                                    "quantidade": "emb. 70 gr",
                                    "precoPorQuantidade": "52,71€/kg",
                                    "link": "https://www.continente.pt/produto/dragueias-de-eucalipto-sem-acucar-smint-5011766.html?cgid=mercearias-chocolates-gomas",
                                    "imagem": "https://www.continente.pt/dw/image/v2/BDVS_PRD/on/demandware.static/-/Sites-col-master-catalog/default/dw24461fcc/images/col/501/5011766-frente.jpg?sw=280&sh=280"
                                },
                                {
                                    "marca": "Smint",
                                    "descricao": "Drageias de Morango sem Açúcar",
                                    "preco": "3,69€",
                                    "preco_antigo": null,
                                    "quantidade": "emb. 70 gr",
                                    "precoPorQuantidade": "52,71€/kg",
                                    "link": "https://www.continente.pt/produto/drageias-de-morango-sem-acucar-smint-5011770.html?cgid=mercearias-chocolates-gomas",
                                    "imagem": "https://www.continente.pt/dw/image/v2/BDVS_PRD/on/demandware.static/-/Sites-col-master-catalog/default/dwf82f3fa8/images/col/501/5011770-frente.jpg?sw=280&sh=280"
                                },
                                {
                                    "marca": "Chiclets",
                                    "descricao": "Pastilhas Elásticas de Spearmint sem Açúcar",
                                    "preco": "0,90€",
                                    "preco_antigo": null,
                                    "quantidade": "emb. 16,5 gr",
                                    "precoPorQuantidade": "52,94€/kg",
                                    "link": "https://www.continente.pt/produto/pastilhas-elasticas-de-spearmint-sem-acucar-chiclets-5612272.html?cgid=mercearias-chocolates-gomas",
                                    "imagem": "https://www.continente.pt/dw/image/v2/BDVS_PRD/on/demandware.static/-/Sites-col-master-catalog/default/dw7f791147/images/col/561/5612272-direito.jpg?sw=280&sh=280"
                                },
                                {
                                    "marca": "Chiclets",
                                    "descricao": "Pastilhas Elásticas de Canela sem Açúcar",
                                    "preco": "0,90€",
                                    "preco_antigo": null,
                                    "quantidade": "emb. 16,5 gr",
                                    "precoPorQuantidade": "52,94€/kg",
                                    "link": "https://www.continente.pt/produto/pastilhas-elasticas-de-canela-sem-acucar-chiclets-5612270.html?cgid=mercearias-chocolates-gomas",
                                    "imagem": "https://www.continente.pt/dw/image/v2/BDVS_PRD/on/demandware.static/-/Sites-col-master-catalog/default/dwdb4786da/images/col/561/5612270-direito.jpg?sw=280&sh=280"
                                },
                                {
                                    "marca": "Chiclets",
                                    "descricao": "Pastilhas Elásticas de Peppermint sem Açúcar",
                                    "preco": "0,90€",
                                    "preco_antigo": null,
                                    "quantidade": "emb. 16,5 gr",
                                    "precoPorQuantidade": "52,94€/kg",
                                    "link": "https://www.continente.pt/produto/pastilhas-elasticas-de-peppermint-sem-acucar-chiclets-5612277.html?cgid=mercearias-chocolates-gomas",
                                    "imagem": "https://www.continente.pt/dw/image/v2/BDVS_PRD/on/demandware.static/-/Sites-col-master-catalog/default/dw01eafa02/images/col/561/5612277-direito.jpg?sw=280&sh=280"
                                },
                                {
                                    "marca": "Chiclets",
                                    "descricao": "Pastilhas Elásticas de Morango sem Açúcar",
                                    "preco": "0,90€",
                                    "preco_antigo": null,
                                    "quantidade": "emb. 16,5 gr",
                                    "precoPorQuantidade": "52,94€/kg",
                                    "link": "https://www.continente.pt/produto/pastilhas-elasticas-de-morango-sem-acucar-chiclets-5612275.html?cgid=mercearias-chocolates-gomas",
                                    "imagem": "https://www.continente.pt/dw/image/v2/BDVS_PRD/on/demandware.static/-/Sites-col-master-catalog/default/dwaa077837/images/col/561/5612275-direito.jpg?sw=280&sh=280"
                                },
                                {
                                    "marca": "Mentos",
                                    "descricao": "Pastilhas Elásticas Wintergreen",
                                    "preco": "1,60€",
                                    "preco_antigo": null,
                                    "quantidade": "emb. 30 gr",
                                    "precoPorQuantidade": "53,33€/kg",
                                    "link": "https://www.continente.pt/produto/pastilhas-elasticas-wintergreen-mentos-3881140.html?cgid=mercearias-chocolates-gomas",
                                    "imagem": "https://www.continente.pt/dw/image/v2/BDVS_PRD/on/demandware.static/-/Sites-col-master-catalog/default/dwdf7bdad4/images/col/388/3881140-frente.jpg?sw=280&sh=280"
                                },
                                {
                                    "marca": "Mentos",
                                    "descricao": "Pastilhas Elásticas de Morango sem Açúcar",
                                    "preco": "1,60€",
                                    "preco_antigo": null,
                                    "quantidade": "emb. 30 gr",
                                    "precoPorQuantidade": "53,33€/kg",
                                    "link": "https://www.continente.pt/produto/pastilhas-elasticas-de-morango-sem-acucar-mentos-6546673.html?cgid=mercearias-chocolates-gomas",
                                    "imagem": "https://www.continente.pt/dw/image/v2/BDVS_PRD/on/demandware.static/-/Sites-col-master-catalog/default/dwc5d6b292/images/col/654/6546673-frente.jpg?sw=280&sh=280"
                                },
                                {
                                    "marca": "Mentos",
                                    "descricao": "Pastilhas Elásticas Fresh Mint",
                                    "preco": "1,60€",
                                    "preco_antigo": null,
                                    "quantidade": "emb. 30 gr",
                                    "precoPorQuantidade": "53,33€/kg",
                                    "link": "https://www.continente.pt/produto/pastilhas-elasticas-fresh-mint-mentos-3881138.html?cgid=mercearias-chocolates-gomas",
                                    "imagem": "https://www.continente.pt/dw/image/v2/BDVS_PRD/on/demandware.static/-/Sites-col-master-catalog/default/dwb013e2a7/images/col/388/3881138-frente.jpg?sw=280&sh=280"
                                },
                                {
                                    "marca": "Mentos",
                                    "descricao": "Pastilhas Elásticas de Frutos Vermelhos",
                                    "preco": "1,60€",
                                    "preco_antigo": null,
                                    "quantidade": "emb. 30 gr",
                                    "precoPorQuantidade": "53,33€/kg",
                                    "link": "https://www.continente.pt/produto/pastilhas-elasticas-de-frutos-vermelhos-mentos-4102754.html?cgid=mercearias-chocolates-gomas",
                                    "imagem": "https://www.continente.pt/dw/image/v2/BDVS_PRD/on/demandware.static/-/Sites-col-master-catalog/default/dwb4a37d87/images/col/410/4102754-frente.jpg?sw=280&sh=280"
                                },
                                {
                                    "marca": "Orbit",
                                    "descricao": "Pastilhas Elásticas de Spearmint sem Açúcar",
                                    "preco": "0,89€",
                                    "preco_antigo": null,
                                    "quantidade": "emb. 16 gr",
                                    "precoPorQuantidade": "55,63€/kg",
                                    "link": "https://www.continente.pt/produto/pastilhas-elasticas-de-spearmint-sem-acucar-orbit-2925032.html?cgid=mercearias-chocolates-gomas",
                                    "imagem": "https://www.continente.pt/dw/image/v2/BDVS_PRD/on/demandware.static/-/Sites-col-master-catalog/default/dwd7ec9433/images/col/292/2925032-frente.jpg?sw=280&sh=280"
                                },
                                {
                                    "marca": "Orbit",
                                    "descricao": "Pastilhas Elásticas de Peppermint sem Açúcar",
                                    "preco": "0,89€",
                                    "preco_antigo": null,
                                    "quantidade": "emb. 1 un",
                                    "precoPorQuantidade": "55,63€/kg",
                                    "link": "https://www.continente.pt/produto/pastilhas-elasticas-de-peppermint-sem-acucar-orbit-2925057.html?cgid=mercearias-chocolates-gomas",
                                    "imagem": "https://www.continente.pt/dw/image/v2/BDVS_PRD/on/demandware.static/-/Sites-col-master-catalog/default/dwc9754142/images/col/292/2925057-frente.jpg?sw=280&sh=280"
                                },
                                {
                                    "marca": "Orbit",
                                    "descricao": "Pastilhas Elásticas de Morango sem Açúcar",
                                    "preco": "0,89€",
                                    "preco_antigo": null,
                                    "quantidade": "emb. 1 un",
                                    "precoPorQuantidade": "55,63€/kg",
                                    "link": "https://www.continente.pt/produto/pastilhas-elasticas-de-morango-sem-acucar-orbit-2925070.html?cgid=mercearias-chocolates-gomas",
                                    "imagem": "https://www.continente.pt/dw/image/v2/BDVS_PRD/on/demandware.static/-/Sites-col-master-catalog/default/dw3ad56756/images/col/292/2925070-frente.jpg?sw=280&sh=280"
                                },
                                {
                                    "marca": "Orbit",
                                    "descricao": "Pastilhas Elásticas de Bubblemint sem Açúcar",
                                    "preco": "0,89€",
                                    "preco_antigo": null,
                                    "quantidade": "emb. 16 gr",
                                    "precoPorQuantidade": "55,63€/kg",
                                    "link": "https://www.continente.pt/produto/pastilhas-elasticas-de-bubblemint-sem-acucar-orbit-5321784.html?cgid=mercearias-chocolates-gomas",
                                    "imagem": "https://www.continente.pt/dw/image/v2/BDVS_PRD/on/demandware.static/-/Sites-col-master-catalog/default/dw16ba89a9/images/col/532/5321784-frente.jpg?sw=280&sh=280"
                                },
                                {
                                    "marca": "Smint",
                                    "descricao": "Drageias de Morango",
                                    "preco": "2,05€",
                                    "preco_antigo": null,
                                    "quantidade": "emb. 35 gr",
                                    "precoPorQuantidade": "58,57€/kg",
                                    "link": "https://www.continente.pt/produto/drageias-de-morango-smint-4675531.html?cgid=mercearias-chocolates-gomas",
                                    "imagem": "https://www.continente.pt/dw/image/v2/BDVS_PRD/on/demandware.static/-/Sites-col-master-catalog/default/dwe6a290d6/images/col/467/4675531-esquerdo.jpg?sw=280&sh=280"
                                },
                                {
                                    "marca": "Smint",
                                    "descricao": "Drageias Mint de Eucalipto sem Açúcar",
                                    "preco": "2,05€",
                                    "preco_antigo": null,
                                    "quantidade": "emb. 35 gr",
                                    "precoPorQuantidade": "58,57€/kg",
                                    "link": "https://www.continente.pt/produto/drageias-mint-de-eucalipto-sem-acucar-smint-5011714.html?cgid=mercearias-chocolates-gomas",
                                    "imagem": "https://www.continente.pt/dw/image/v2/BDVS_PRD/on/demandware.static/-/Sites-col-master-catalog/default/dw8cb6c8fd/images/col/501/5011714-frente.jpg?sw=280&sh=280"
                                },
                                {
                                    "marca": "Smint",
                                    "descricao": "Drageias de Peppermint sem Açúcar",
                                    "preco": "2,05€",
                                    "preco_antigo": null,
                                    "quantidade": "emb. 35 gr",
                                    "precoPorQuantidade": "58,57€/kg",
                                    "link": "https://www.continente.pt/produto/drageias-de-peppermint-sem-acucar-smint-4366043.html?cgid=mercearias-chocolates-gomas",
                                    "imagem": "https://www.continente.pt/dw/image/v2/BDVS_PRD/on/demandware.static/-/Sites-col-master-catalog/default/dw1f4bd01e/images/col/436/4366043-esquerdo.jpg?sw=280&sh=280"
                                },
                                {
                                    "marca": "Smint",
                                    "descricao": "Drageias de Limão sem Açúcar",
                                    "preco": "2,05€",
                                    "preco_antigo": null,
                                    "quantidade": "emb. 35 gr",
                                    "precoPorQuantidade": "58,57€/kg",
                                    "link": "https://www.continente.pt/produto/drageias-de-limao-sem-acucar-smint-5184539.html?cgid=mercearias-chocolates-gomas",
                                    "imagem": "https://www.continente.pt/dw/image/v2/BDVS_PRD/on/demandware.static/-/Sites-col-master-catalog/default/dwae58fa38/images/col/518/5184539-esquerdo.jpg?sw=280&sh=280"
                                },
                                {
                                    "marca": "Smint",
                                    "descricao": "Drageias de Frutos Vermelhos sem Açúcar",
                                    "preco": "2,05€",
                                    "preco_antigo": null,
                                    "quantidade": "emb. 35 gr",
                                    "precoPorQuantidade": "58,57€/kg",
                                    "link": "https://www.continente.pt/produto/drageias-de-frutos-vermelhos-sem-acucar-smint-5800555.html?cgid=mercearias-chocolates-gomas",
                                    "imagem": "https://www.continente.pt/dw/image/v2/BDVS_PRD/on/demandware.static/-/Sites-col-master-catalog/default/dwfead39ba/images/col/580/5800555-esquerdo.jpg?sw=280&sh=280"
                                },
                                {
                                    "marca": "Chupa Chups",
                                    "descricao": "Chupa Chupa Melody",
                                    "preco": "0,89€",
                                    "preco_antigo": null,
                                    "quantidade": "emb. 15 gr",
                                    "precoPorQuantidade": "59,33€/kg",
                                    "link": "https://www.continente.pt/produto/chupa-chupa-melody-chupa-chups-5011449.html?cgid=mercearias-chocolates-gomas",
                                    "imagem": "https://www.continente.pt/dw/image/v2/BDVS_PRD/on/demandware.static/-/Sites-col-master-catalog/default/dw3ead39a8/images/col/501/5011449-frente.jpg?sw=280&sh=280"
                                },
                                {
                                    "marca": "Trident",
                                    "descricao": "Pastilhas Elásticas Melão e Melancia Sem Açúcar",
                                    "preco": "0,89€",
                                    "preco_antigo": null,
                                    "quantidade": "emb. 14,5 gr",
                                    "precoPorQuantidade": "63,57€/kg",
                                    "link": "https://www.continente.pt/produto/pastilhas-elasticas-melao-e-melancia-sem-acucar-trident-5491937.html?cgid=mercearias-chocolates-gomas",
                                    "imagem": "https://www.continente.pt/dw/image/v2/BDVS_PRD/on/demandware.static/-/Sites-col-master-catalog/default/dwe8f95912/images/col/549/5491937-frente.jpg?sw=280&sh=280"
                                },
                                {
                                    "marca": "Trident",
                                    "descricao": "Pastilhas Elásticas Extreme Mentol Sem Açúcar",
                                    "preco": "0,89€",
                                    "preco_antigo": null,
                                    "quantidade": "emb. 14 gr",
                                    "precoPorQuantidade": "63,57€/kg",
                                    "link": "https://www.continente.pt/produto/pastilhas-elasticas-extreme-mentol-sem-acucar-trident-7400062.html?cgid=mercearias-chocolates-gomas",
                                    "imagem": "https://www.continente.pt/dw/image/v2/BDVS_PRD/on/demandware.static/-/Sites-col-master-catalog/default/dw33a26196/images/col/740/7400062-frente.jpg?sw=280&sh=280"
                                },
                                {
                                    "marca": "Trident",
                                    "descricao": "Pastilhas Elásticas Oral-B Spearmint Sem Açúcar",
                                    "preco": "3,29€",
                                    "preco_antigo": null,
                                    "quantidade": "emb. 3 x 51 gr",
                                    "precoPorQuantidade": "64,51€/kg",
                                    "link": "https://www.continente.pt/produto/pastilhas-elasticas-oral-b-spearmint-sem-acucar-trident-7094869.html?cgid=mercearias-chocolates-gomas",
                                    "imagem": "https://www.continente.pt/dw/image/v2/BDVS_PRD/on/demandware.static/-/Sites-col-master-catalog/default/dwade95cce/images/col/709/7094869-frente.jpg?sw=280&sh=280"
                                },
                                {
                                    "marca": "Trident",
                                    "descricao": "Pastilhas Elásticas Oral-B Peppermint Sem Açúcar",
                                    "preco": "3,29€",
                                    "preco_antigo": null,
                                    "quantidade": "emb. 3 x 51 gr",
                                    "precoPorQuantidade": "64,51€/kg",
                                    "link": "https://www.continente.pt/produto/pastilhas-elasticas-oral-b-peppermint-sem-acucar-trident-7094871.html?cgid=mercearias-chocolates-gomas",
                                    "imagem": "https://www.continente.pt/dw/image/v2/BDVS_PRD/on/demandware.static/-/Sites-col-master-catalog/default/dwa806a07e/images/col/709/7094871-frente.jpg?sw=280&sh=280"
                                },
                                {
                                    "marca": "Smint",
                                    "descricao": "Drageias 2H Intense Mint",
                                    "preco": "2,29€",
                                    "preco_antigo": null,
                                    "quantidade": "emb. 35 gr",
                                    "precoPorQuantidade": "65,43€/kg",
                                    "link": "https://www.continente.pt/produto/drageias-2h-intense-mint-smint-6024010.html?cgid=mercearias-chocolates-gomas",
                                    "imagem": "https://www.continente.pt/dw/image/v2/BDVS_PRD/on/demandware.static/-/Sites-col-master-catalog/default/dwe21e89a7/images/col/602/6024010-frente.jpg?sw=280&sh=280"
                                },
                                {
                                    "marca": "Trident",
                                    "descricao": "Pastilhas Elásticas Oral-B Peppermint Sem Açúcar",
                                    "preco": "1,14€",
                                    "preco_antigo": null,
                                    "quantidade": "emb. 17 gr",
                                    "precoPorQuantidade": "67,06€/kg",
                                    "link": "https://www.continente.pt/produto/pastilhas-elasticas-oral-b-peppermint-sem-acucar-trident-7088955.html?cgid=mercearias-chocolates-gomas",
                                    "imagem": "https://www.continente.pt/dw/image/v2/BDVS_PRD/on/demandware.static/-/Sites-col-master-catalog/default/dw95d0062e/images/col/708/7088955-frente.jpg?sw=280&sh=280"
                                },
                                {
                                    "marca": "Trident",
                                    "descricao": "Pastilhas Elásticas Oral-B Spearmint Sem Açúcar",
                                    "preco": "1,14€",
                                    "preco_antigo": null,
                                    "quantidade": "emb. 17 gr",
                                    "precoPorQuantidade": "67,06€/kg",
                                    "link": "https://www.continente.pt/produto/pastilhas-elasticas-oral-b-spearmint-sem-acucar-trident-7088956.html?cgid=mercearias-chocolates-gomas",
                                    "imagem": "https://www.continente.pt/dw/image/v2/BDVS_PRD/on/demandware.static/-/Sites-col-master-catalog/default/dwe3344eed/images/col/708/7088956-frente.jpg?sw=280&sh=280"
                                },
                                {
                                    "marca": "Smint",
                                    "descricao": "Drageias Limão, Menta e Cidreira",
                                    "preco": "2,29€",
                                    "preco_antigo": null,
                                    "quantidade": "emb. 30 gr",
                                    "precoPorQuantidade": "76,33€/kg",
                                    "link": "https://www.continente.pt/produto/drageias-limao-menta-e-cidreira-smint-7328696.html?cgid=mercearias-chocolates-gomas",
                                    "imagem": "https://www.continente.pt/dw/image/v2/BDVS_PRD/on/demandware.static/-/Sites-col-master-catalog/default/dw88ee3efe/images/col/732/7328696-frente.jpg?sw=280&sh=280"
                                },
                                {
                                    "marca": "Pez",
                                    "descricao": "Drageia Boneco e Recarga",
                                    "preco": "2,29€",
                                    "preco_antigo": null,
                                    "quantidade": "emb. 29 gr",
                                    "precoPorQuantidade": "78,97€/kg",
                                    "link": "https://www.continente.pt/produto/drageia-boneco-e-recarga-pez-2003629.html?cgid=mercearias-chocolates-gomas",
                                    "imagem": "https://www.continente.pt/dw/image/v2/BDVS_PRD/on/demandware.static/-/Sites-col-master-catalog/default/dw3a306de2/images/col/200/2003629-frente.jpg?sw=280&sh=280"
                                },
                                {
                                    "marca": "Lacasitos",
                                    "descricao": "Drageias Lacasitos Toy Cry Babies",
                                    "preco": "1,64€",
                                    "preco_antigo": null,
                                    "quantidade": "emb. 20 gr",
                                    "precoPorQuantidade": "82,00€/kg",
                                    "link": "https://www.continente.pt/produto/drageias-lacasitos-toy-cry-babies-lacasitos-7338461.html?cgid=mercearias-chocolates-gomas",
                                    "imagem": "https://www.continente.pt/dw/image/v2/BDVS_PRD/on/demandware.static/-/Sites-col-master-catalog/default/dwc16a6340/images/col/733/7338461-frente.jpg?sw=280&sh=280"
                                },
                                {
                                    "marca": "Halls",
                                    "descricao": "Rebuçados Mini Mints de Melancia sem Açúcar",
                                    "preco": "1,19€",
                                    "preco_antigo": null,
                                    "quantidade": "emb. 12,5 gr",
                                    "precoPorQuantidade": "91,54€/kg",
                                    "link": "https://www.continente.pt/produto/rebucados-mini-mints-de-melancia-sem-acucar-halls-6589333.html?cgid=mercearias-chocolates-gomas",
                                    "imagem": "https://www.continente.pt/dw/image/v2/BDVS_PRD/on/demandware.static/-/Sites-col-master-catalog/default/dw0354974a/images/col/658/6589333-frente.jpg?sw=280&sh=280"
                                },
                                {
                                    "marca": "Halls",
                                    "descricao": "Rebuçados Mini Mints de Menta sem Açúcar",
                                    "preco": "1,19€",
                                    "preco_antigo": null,
                                    "quantidade": "emb. 12,5 gr",
                                    "precoPorQuantidade": "91,54€/kg",
                                    "link": "https://www.continente.pt/produto/rebucados-mini-mints-de-menta-sem-acucar-halls-6589334.html?cgid=mercearias-chocolates-gomas",
                                    "imagem": "https://www.continente.pt/dw/image/v2/BDVS_PRD/on/demandware.static/-/Sites-col-master-catalog/default/dwd6a3142e/images/col/658/6589334-frente.jpg?sw=280&sh=280"
                                },
                                {
                                    "marca": "True Gum",
                                    "descricao": "Pastilhas Elásticas de Gengibre e Açafrão",
                                    "preco": "1,99€",
                                    "preco_antigo": null,
                                    "quantidade": "emb. 21 gr",
                                    "precoPorQuantidade": "94,76€/kg",
                                    "link": "https://www.continente.pt/produto/pastilhas-elasticas-de-gengibre-e-acafrao-true-gum-7497974.html?cgid=mercearias-chocolates-gomas",
                                    "imagem": "https://www.continente.pt/dw/image/v2/BDVS_PRD/on/demandware.static/-/Sites-col-master-catalog/default/dw8588923a/images/col/749/7497974-frente.jpg?sw=280&sh=280"
                                },
                                {
                                    "marca": "True Gum",
                                    "descricao": "Pastilhas Elásticas de Menta",
                                    "preco": "1,99€",
                                    "preco_antigo": null,
                                    "quantidade": "emb. 21 gr",
                                    "precoPorQuantidade": "94,76€/kg",
                                    "link": "https://www.continente.pt/produto/pastilhas-elasticas-de-menta-true-gum-7497972.html?cgid=mercearias-chocolates-gomas",
                                    "imagem": "https://www.continente.pt/dw/image/v2/BDVS_PRD/on/demandware.static/-/Sites-col-master-catalog/default/dw720ff05f/images/col/749/7497972-frente.jpg?sw=280&sh=280"
                                },
                                {
                                    "marca": "Peta Zetas",
                                    "descricao": "Doce Explosivo Tutti Frutti Gum",
                                    "preco": "0,79€",
                                    "preco_antigo": null,
                                    "quantidade": "emb. 8 gr",
                                    "precoPorQuantidade": "98,75€/kg",
                                    "link": "https://www.continente.pt/produto/doce-explosivo-tutti-frutti-gum-peta-zetas-6214854.html?cgid=mercearias-chocolates-gomas",
                                    "imagem": "https://www.continente.pt/dw/image/v2/BDVS_PRD/on/demandware.static/-/Sites-col-master-catalog/default/dwec3b498a/images/col/621/6214854-frente.jpg?sw=280&sh=280"
                                },
                                {
                                    "marca": "Halls",
                                    "descricao": "Rebuçados Mini Mints Halls Citrus sem Açúcar",
                                    "preco": "1,19€",
                                    "preco_antigo": null,
                                    "quantidade": "emb. 12,5 gr",
                                    "precoPorQuantidade": "99,17€/kg",
                                    "link": "https://www.continente.pt/produto/rebucados-mini-mints-halls-citrus-sem-acucar-halls-7386766.html?cgid=mercearias-chocolates-gomas",
                                    "imagem": "https://www.continente.pt/dw/image/v2/BDVS_PRD/on/demandware.static/-/Sites-col-master-catalog/default/dweb98ac08/images/col/738/7386766-frente.jpg?sw=280&sh=280"
                                },
                                {
                                    "marca": "Smint",
                                    "descricao": "Drageias de Peppermint sem Açúcar",
                                    "preco": "1,39€",
                                    "preco_antigo": null,
                                    "quantidade": "emb. 8 gr",
                                    "precoPorQuantidade": "173,75€/kg",
                                    "link": "https://www.continente.pt/produto/drageias-de-peppermint-sem-acucar-smint-2581047.html?cgid=mercearias-chocolates-gomas",
                                    "imagem": "https://www.continente.pt/dw/image/v2/BDVS_PRD/on/demandware.static/-/Sites-col-master-catalog/default/dwcd7ef324/images/col/258/2581047-direito.jpg?sw=280&sh=280"
                                },
                                {
                                    "marca": "Smint",
                                    "descricao": "Drageias de Frutos Silvestres sem Açúcar",
                                    "preco": "1,39€",
                                    "preco_antigo": null,
                                    "quantidade": "emb. 8 gr",
                                    "precoPorQuantidade": "173,75€/kg",
                                    "link": "https://www.continente.pt/produto/drageias-de-frutos-silvestres-sem-acucar-smint-2898875.html?cgid=mercearias-chocolates-gomas",
                                    "imagem": "https://www.continente.pt/dw/image/v2/BDVS_PRD/on/demandware.static/-/Sites-col-master-catalog/default/dw932c154e/images/col/289/2898875-direito.jpg?sw=280&sh=280"
                                },
                                {
                                    "marca": "Smint",
                                    "descricao": "Drageias de Menta sem Açúcar",
                                    "preco": "1,39€",
                                    "preco_antigo": null,
                                    "quantidade": "emb. 8 gr",
                                    "precoPorQuantidade": "173,75€/kg",
                                    "link": "https://www.continente.pt/produto/drageias-de-menta-sem-acucar-smint-2581045.html?cgid=mercearias-chocolates-gomas",
                                    "imagem": "https://www.continente.pt/dw/image/v2/BDVS_PRD/on/demandware.static/-/Sites-col-master-catalog/default/dwde04c037/images/col/258/2581045-direito.jpg?sw=280&sh=280"
                                }
                            ]
                        }
                    ]
                },
                {
                    "name": "Snacks e Batatas Fritas",
                    "items": [
                        {
                            "name": "Batatas Fritas",
                            "items": [
                                {
                                    "marca": "Continente",
                                    "descricao": "Batata Frita Lisa",
                                    "preco": "1,19€",
                                    "preco_antigo": null,
                                    "quantidade": "emb. 200 gr",
                                    "precoPorQuantidade": "5,95€/kg",
                                    "link": "https://www.continente.pt/produto/batata-frita-lisa-continente-2005831.html?cgid=mercearias-snacks-batatas-fritas",
                                    "imagem": "https://www.continente.pt/dw/image/v2/BDVS_PRD/on/demandware.static/-/Sites-col-master-catalog/default/dw1324b3af/images/col/200/2005831-frente.jpg?sw=280&sh=280"
                                },
                                {
                                    "marca": "Continente",
                                    "descricao": "Batata Frita Palha Fina Receita Caseira",
                                    "preco": "1,19€",
                                    "preco_antigo": null,
                                    "quantidade": "emb. 200 gr",
                                    "precoPorQuantidade": "5,95€/kg",
                                    "link": "https://www.continente.pt/produto/batata-frita-palha-fina-receita-caseira-continente-5097178.html?cgid=mercearias-snacks-batatas-fritas",
                                    "imagem": "https://www.continente.pt/dw/image/v2/BDVS_PRD/on/demandware.static/-/Sites-col-master-catalog/default/dw84571663/images/col/509/5097178-hero.jpg?sw=280&sh=280"
                                },
                                {
                                    "marca": "Pála-Pála",
                                    "descricao": "Batata Frita Palha Caseira",
                                    "preco": "2,99€",
                                    "preco_antigo": null,
                                    "quantidade": "emb. 500 gr",
                                    "precoPorQuantidade": "5,98€/kg",
                                    "link": "https://www.continente.pt/produto/batata-frita-palha-caseira-pala-pala-2171885.html?cgid=mercearias-snacks-batatas-fritas",
                                    "imagem": "https://www.continente.pt/dw/image/v2/BDVS_PRD/on/demandware.static/-/Sites-col-master-catalog/default/dw73793ac4/images/col/217/2171885-frente.jpg?sw=280&sh=280"
                                },
                                {
                                    "marca": "Continente",
                                    "descricao": "Batata Frita Lisa Sabor Camponesa",
                                    "preco": "1,09€",
                                    "preco_antigo": null,
                                    "quantidade": "emb. 175 gr",
                                    "precoPorQuantidade": "6,23€/kg",
                                    "link": "https://www.continente.pt/produto/batata-frita-lisa-sabor-camponesa-continente-4462848.html?cgid=mercearias-snacks-batatas-fritas",
                                    "imagem": "https://www.continente.pt/dw/image/v2/BDVS_PRD/on/demandware.static/-/Sites-col-master-catalog/default/dwcce9f688/images/col/446/4462848-hero.jpg?sw=280&sh=280"
                                },
                                {
                                    "marca": "Continente",
                                    "descricao": "Batata Frita Ondulada Sabor Presunto",
                                    "preco": "1,09€",
                                    "preco_antigo": null,
                                    "quantidade": "emb. 175 gr",
                                    "precoPorQuantidade": "6,23€/kg",
                                    "link": "https://www.continente.pt/produto/batata-frita-ondulada-sabor-presunto-continente-2145968.html?cgid=mercearias-snacks-batatas-fritas",
                                    "imagem": "https://www.continente.pt/dw/image/v2/BDVS_PRD/on/demandware.static/-/Sites-col-master-catalog/default/dweb19ea81/images/col/214/2145968-hero.jpg?sw=280&sh=280"
                                },
                                {
                                    "marca": "Continente",
                                    "descricao": "Batata Frita Lisa Clássica",
                                    "preco": "1,09€",
                                    "preco_antigo": null,
                                    "quantidade": "emb. 170 gr",
                                    "precoPorQuantidade": "6,41€/kg",
                                    "link": "https://www.continente.pt/produto/batata-frita-lisa-classica-continente-7078329.html?cgid=mercearias-snacks-batatas-fritas",
                                    "imagem": "https://www.continente.pt/dw/image/v2/BDVS_PRD/on/demandware.static/-/Sites-col-master-catalog/default/dw10305495/images/col/707/7078329-hero.jpg?sw=280&sh=280"
                                },
                                {
                                    "marca": "Saloinha",
                                    "descricao": "Batata Frita Palha sem Glúten",
                                    "preco": "2,59€",
                                    "preco_antigo": null,
                                    "quantidade": "emb. 400 gr",
                                    "precoPorQuantidade": "6,48€/kg",
                                    "link": "https://www.continente.pt/produto/batata-frita-palha-sem-gluten-saloinha-4833013.html?cgid=mercearias-snacks-batatas-fritas",
                                    "imagem": "https://www.continente.pt/dw/image/v2/BDVS_PRD/on/demandware.static/-/Sites-col-master-catalog/default/dwb80dce94/images/col/483/4833013-frente.jpg?sw=280&sh=280"
                                },
                                {
                                    "marca": "Saloinha",
                                    "descricao": "Batata Frita Rodelas sem Glúten",
                                    "preco": "2,66€",
                                    "preco_antigo": null,
                                    "quantidade": "emb. 400 gr",
                                    "precoPorQuantidade": "6,65€ /kg",
                                    "link": "https://www.continente.pt/produto/batata-frita-rodelas-sem-gluten-saloinha-4833012.html?cgid=mercearias-snacks-batatas-fritas",
                                    "imagem": "https://www.continente.pt/dw/image/v2/BDVS_PRD/on/demandware.static/-/Sites-col-master-catalog/default/dw0471ed8f/images/col/483/4833012-frente.jpg?sw=280&sh=280"
                                },
                                {
                                    "marca": "Saloinha",
                                    "descricao": "Batata Frita Palha sem Glúten",
                                    "preco": "1,34€",
                                    "preco_antigo": null,
                                    "quantidade": "emb. 200 gr",
                                    "precoPorQuantidade": "6,70€/kg",
                                    "link": "https://www.continente.pt/produto/batata-frita-palha-sem-gluten-saloinha-4863899.html?cgid=mercearias-snacks-batatas-fritas",
                                    "imagem": "https://www.continente.pt/dw/image/v2/BDVS_PRD/on/demandware.static/-/Sites-col-master-catalog/default/dw13379d8e/images/col/486/4863899-frente.jpg?sw=280&sh=280"
                                },
                                {
                                    "marca": "Saloinha",
                                    "descricao": "Batata Frita Rodelas",
                                    "preco": "1,34€",
                                    "preco_antigo": null,
                                    "quantidade": "emb. 200 gr",
                                    "precoPorQuantidade": "6,70€/kg",
                                    "link": "https://www.continente.pt/produto/batata-frita-rodelas-saloinha-4863872.html?cgid=mercearias-snacks-batatas-fritas",
                                    "imagem": "https://www.continente.pt/dw/image/v2/BDVS_PRD/on/demandware.static/-/Sites-col-master-catalog/default/dwae8046ff/images/col/486/4863872-frente.jpg?sw=280&sh=280"
                                },
                                {
                                    "marca": "Continente",
                                    "descricao": "Batata Frita",
                                    "preco": "1,29€",
                                    "preco_antigo": null,
                                    "quantidade": "emb. 6 x 30 gr",
                                    "precoPorQuantidade": "7,17€/kg",
                                    "link": "https://www.continente.pt/produto/batata-frita-continente-5555495.html?cgid=mercearias-snacks-batatas-fritas",
                                    "imagem": "https://www.continente.pt/dw/image/v2/BDVS_PRD/on/demandware.static/-/Sites-col-master-catalog/default/dwb4ff2c30/images/col/555/5555495-hero.jpg?sw=280&sh=280"
                                },
                                {
                                    "marca": "Continente",
                                    "descricao": "Batata Frita Lisa Azeite",
                                    "preco": "1,09€",
                                    "preco_antigo": null,
                                    "quantidade": "emb. 150 gr",
                                    "precoPorQuantidade": "7,27€/kg",
                                    "link": "https://www.continente.pt/produto/batata-frita-lisa-azeite-continente-4386982.html?cgid=mercearias-snacks-batatas-fritas",
                                    "imagem": "https://www.continente.pt/dw/image/v2/BDVS_PRD/on/demandware.static/-/Sites-col-master-catalog/default/dw451c82ce/images/col/438/4386982-hero.jpg?sw=280&sh=280"
                                },
                                {
                                    "marca": "Pála-Pála",
                                    "descricao": "Batata Frita Caseira Rodelas",
                                    "preco": "2,19€",
                                    "preco_antigo": null,
                                    "quantidade": "emb. 300 gr",
                                    "precoPorQuantidade": "7,30€/kg",
                                    "link": "https://www.continente.pt/produto/batata-frita-caseira-rodelas-pala-pala-3727556.html?cgid=mercearias-snacks-batatas-fritas",
                                    "imagem": "https://www.continente.pt/dw/image/v2/BDVS_PRD/on/demandware.static/-/Sites-col-master-catalog/default/dwb4a07913/images/col/372/3727556-frente.jpg?sw=280&sh=280"
                                },
                                {
                                    "marca": "Maria Batata",
                                    "descricao": "Batata Frita Rodelas Maria Batata",
                                    "preco": "1,49€",
                                    "preco_antigo": null,
                                    "quantidade": "emb. 200 gr",
                                    "precoPorQuantidade": "7,45€/kg",
                                    "link": "https://www.continente.pt/produto/batata-frita-rodelas-maria-batata-maria-batata-7121415.html?cgid=mercearias-snacks-batatas-fritas",
                                    "imagem": "https://www.continente.pt/dw/image/v2/BDVS_PRD/on/demandware.static/-/Sites-col-master-catalog/default/dw36c0f7cc/images/col/712/7121415-frente.jpg?sw=280&sh=280"
                                },
                                {
                                    "marca": "Maria Batata",
                                    "descricao": "Batata Frita Palha Maria Batata",
                                    "preco": "2,99€",
                                    "preco_antigo": null,
                                    "quantidade": "emb. 400 gr",
                                    "precoPorQuantidade": "7,48€/kg",
                                    "link": "https://www.continente.pt/produto/batata-frita-palha-maria-batata-maria-batata-7121414.html?cgid=mercearias-snacks-batatas-fritas",
                                    "imagem": "https://www.continente.pt/dw/image/v2/BDVS_PRD/on/demandware.static/-/Sites-col-master-catalog/default/dwc303b11e/images/col/712/7121414-frente.jpg?sw=280&sh=280"
                                },
                                {
                                    "marca": "Continente",
                                    "descricao": "Batata Frita Ondulada Sabor Ovo com Presunto",
                                    "preco": "1,19€",
                                    "preco_antigo": null,
                                    "quantidade": "emb. 150 gr",
                                    "precoPorQuantidade": "7,93€/kg",
                                    "link": "https://www.continente.pt/produto/batata-frita-ondulada-sabor-ovo-com-presunto-continente-6756773.html?cgid=mercearias-snacks-batatas-fritas",
                                    "imagem": "https://www.continente.pt/dw/image/v2/BDVS_PRD/on/demandware.static/-/Sites-col-master-catalog/default/dwe6173ff6/images/col/675/6756773-hero.jpg?sw=280&sh=280"
                                },
                                {
                                    "marca": "Lay's",
                                    "descricao": "Batata Frita Lisa Sabor Camponesa",
                                    "preco": "1,29€",
                                    "preco_antigo": null,
                                    "quantidade": "emb. 150 gr",
                                    "precoPorQuantidade": "8,60€/kg",
                                    "link": "https://www.continente.pt/produto/batata-frita-lisa-sabor-camponesa-lays-7514305.html?cgid=mercearias-snacks-batatas-fritas",
                                    "imagem": "https://www.continente.pt/dw/image/v2/BDVS_PRD/on/demandware.static/-/Sites-col-master-catalog/default/dwcea415b5/images/col/751/7514305-frente.jpg?sw=280&sh=280"
                                },
                                {
                                    "marca": "Lay's Gourmet",
                                    "descricao": "Batata Frita Gourmet Original",
                                    "preco": "1,48€",
                                    "preco_antigo": null,
                                    "quantidade": "emb. 170 gr",
                                    "precoPorQuantidade": "8,71€/kg",
                                    "link": "https://www.continente.pt/produto/batata-frita-gourmet-original-lays-gourmet-7519437.html?cgid=mercearias-snacks-batatas-fritas",
                                    "imagem": "https://www.continente.pt/dw/image/v2/BDVS_PRD/on/demandware.static/-/Sites-col-master-catalog/default/dwf8e1fa0c/images/col/751/7519437-frente.jpg?sw=280&sh=280"
                                },
                                {
                                    "marca": "Pála-Pála",
                                    "descricao": "Batata Frita Palha Caseira",
                                    "preco": "2,19€",
                                    "preco_antigo": null,
                                    "quantidade": "emb. 250 gr",
                                    "precoPorQuantidade": "8,76€/kg",
                                    "link": "https://www.continente.pt/produto/batata-frita-palha-caseira-pala-pala-3727550.html?cgid=mercearias-snacks-batatas-fritas",
                                    "imagem": "https://www.continente.pt/dw/image/v2/BDVS_PRD/on/demandware.static/-/Sites-col-master-catalog/default/dwaac9b855/images/col/372/3727550-frente.jpg?sw=280&sh=280"
                                },
                                {
                                    "marca": "Lay's",
                                    "descricao": "Batata Frita Lisa Original",
                                    "preco": "1,60€",
                                    "preco_antigo": null,
                                    "quantidade": "emb. 6 x 30 gr",
                                    "precoPorQuantidade": "8,89€/kg",
                                    "link": "https://www.continente.pt/produto/batata-frita-lisa-original-lays-2260690.html?cgid=mercearias-snacks-batatas-fritas",
                                    "imagem": "https://www.continente.pt/dw/image/v2/BDVS_PRD/on/demandware.static/-/Sites-col-master-catalog/default/dwd868f99b/images/col/226/2260690-frente.jpg?sw=280&sh=280"
                                },
                                {
                                    "marca": "Ruffles",
                                    "descricao": "Batata Frita Ondulada Original",
                                    "preco": "1,60€",
                                    "preco_antigo": null,
                                    "quantidade": "emb. 6 x 30 gr",
                                    "precoPorQuantidade": "8,89€/kg",
                                    "link": "https://www.continente.pt/produto/batata-frita-ondulada-original-ruffles-2102669.html?cgid=mercearias-snacks-batatas-fritas",
                                    "imagem": "https://www.continente.pt/dw/image/v2/BDVS_PRD/on/demandware.static/-/Sites-col-master-catalog/default/dwdfda789c/images/col/210/2102669-frente.jpg?sw=280&sh=280"
                                },
                                {
                                    "marca": "Pála-Pála",
                                    "descricao": "Batata Frita Rodelas Caseira",
                                    "preco": "1,69€",
                                    "preco_antigo": null,
                                    "quantidade": "emb. 180 gr",
                                    "precoPorQuantidade": "9,39€/kg",
                                    "link": "https://www.continente.pt/produto/batata-frita-rodelas-caseira-pala-pala-2094009.html?cgid=mercearias-snacks-batatas-fritas",
                                    "imagem": "https://www.continente.pt/dw/image/v2/BDVS_PRD/on/demandware.static/-/Sites-col-master-catalog/default/dw1e343b22/images/col/209/2094009-frente.jpg?sw=280&sh=280"
                                },
                                {
                                    "marca": "Ruffles",
                                    "descricao": "Batata Frita Ondulada Original",
                                    "preco": "2,75€",
                                    "preco_antigo": null,
                                    "quantidade": "emb. 282 gr",
                                    "precoPorQuantidade": "9,75€/kg",
                                    "link": "https://www.continente.pt/produto/batata-frita-ondulada-original-ruffles-7368580.html?cgid=mercearias-snacks-batatas-fritas",
                                    "imagem": "https://www.continente.pt/dw/image/v2/BDVS_PRD/on/demandware.static/-/Sites-col-master-catalog/default/dw106c5eb1/images/col/736/7368580-frente.jpg?sw=280&sh=280"
                                },
                                {
                                    "marca": "Lay's Gourmet",
                                    "descricao": "Batata Frita Gourmet Lisa Corte Fino",
                                    "preco": "1,48€",
                                    "preco_antigo": null,
                                    "quantidade": "emb. 150 gr",
                                    "precoPorQuantidade": "9,87€/kg",
                                    "link": "https://www.continente.pt/produto/batata-frita-gourmet-lisa-corte-fino-lays-gourmet-7106089.html?cgid=mercearias-snacks-batatas-fritas",
                                    "imagem": "https://www.continente.pt/dw/image/v2/BDVS_PRD/on/demandware.static/-/Sites-col-master-catalog/default/dw5b662e09/images/col/710/7106089-frente.jpg?sw=280&sh=280"
                                },
                                {
                                    "marca": "Pála-Pála",
                                    "descricao": "Batatas Fritas Palha Caseira",
                                    "preco": "1,69€",
                                    "preco_antigo": null,
                                    "quantidade": "emb. 170 gr",
                                    "precoPorQuantidade": "9,94€/kg",
                                    "link": "https://www.continente.pt/produto/batatas-fritas-palha-caseira-pala-pala-7571550.html?cgid=mercearias-snacks-batatas-fritas",
                                    "imagem": "https://www.continente.pt/dw/image/v2/BDVS_PRD/on/demandware.static/-/Sites-col-master-catalog/default/dw34225583/images/col/757/7571550-frente.jpg?sw=280&sh=280"
                                },
                                {
                                    "marca": "Lay's",
                                    "descricao": "Batata Frita Lisa Sabor Camponesas sem Glúten",
                                    "preco": "2,49€",
                                    "preco_antigo": null,
                                    "quantidade": "emb. 250 gr",
                                    "precoPorQuantidade": "9,96€/kg",
                                    "link": "https://www.continente.pt/produto/batata-frita-lisa-sabor-camponesas-sem-gluten-lays-5320707.html?cgid=mercearias-snacks-batatas-fritas",
                                    "imagem": "https://www.continente.pt/dw/image/v2/BDVS_PRD/on/demandware.static/-/Sites-col-master-catalog/default/dwb6ceb676/images/col/532/5320707-frente.jpg?sw=280&sh=280"
                                },
                                {
                                    "marca": "Ruffles",
                                    "descricao": "Batata Frita Ondulada Sabor Presunto sem Glúten",
                                    "preco": "2,99€",
                                    "preco_antigo": null,
                                    "quantidade": "emb. 295 gr",
                                    "precoPorQuantidade": "10,14€/kg",
                                    "link": "https://www.continente.pt/produto/batata-frita-ondulada-sabor-presunto-sem-gluten-ruffles-7107422.html?cgid=mercearias-snacks-batatas-fritas",
                                    "imagem": "https://www.continente.pt/dw/image/v2/BDVS_PRD/on/demandware.static/-/Sites-col-master-catalog/default/dw41ad3503/images/col/710/7107422-frente.jpg?sw=280&sh=280"
                                },
                                {
                                    "marca": "Pringles",
                                    "descricao": "Snack Batata Passport Flavours Cheeseburguer New York Style",
                                    "preco": "1,98€",
                                    "preco_antigo": null,
                                    "quantidade": "emb. 185 gr",
                                    "precoPorQuantidade": "10,70€/kg",
                                    "link": "https://www.continente.pt/produto/snack-batata-passport-flavours-cheeseburguer-new-york-style-pringles-7575150.html?cgid=mercearias-snacks-batatas-fritas",
                                    "imagem": "https://www.continente.pt/dw/image/v2/BDVS_PRD/on/demandware.static/-/Sites-col-master-catalog/default/dw9bc97965/images/col/757/7575150-frente.jpg?sw=280&sh=280"
                                },
                                {
                                    "marca": "Pringles",
                                    "descricao": "Snack Batata Sabor Tzatziki",
                                    "preco": "1,98€",
                                    "preco_antigo": null,
                                    "quantidade": "emb. 185 gr",
                                    "precoPorQuantidade": "10,70€/kg",
                                    "link": "https://www.continente.pt/produto/snack-batata-sabor-tzatziki-pringles-7575125.html?cgid=mercearias-snacks-batatas-fritas",
                                    "imagem": "https://www.continente.pt/dw/image/v2/BDVS_PRD/on/demandware.static/-/Sites-col-master-catalog/default/dwf356bc9d/images/col/757/7575125-frente.jpg?sw=280&sh=280"
                                },
                                {
                                    "marca": "Pringles",
                                    "descricao": "Snack Batata Sabor Pizza Pepperoni",
                                    "preco": "1,98€",
                                    "preco_antigo": null,
                                    "quantidade": "emb. 160 gr",
                                    "precoPorQuantidade": "10,70€/kg",
                                    "link": "https://www.continente.pt/produto/snack-batata-sabor-pizza-pepperoni-pringles-7575167.html?cgid=mercearias-snacks-batatas-fritas",
                                    "imagem": "https://www.continente.pt/dw/image/v2/BDVS_PRD/on/demandware.static/-/Sites-col-master-catalog/default/dwfa843314/images/col/757/7575167-frente.jpg?sw=280&sh=280"
                                },
                                {
                                    "marca": "Ruffles",
                                    "descricao": "Batata Frita Ondulada Original sem Glúten",
                                    "preco": "0,99€",
                                    "preco_antigo": null,
                                    "quantidade": "emb. 90 gr",
                                    "precoPorQuantidade": "11,00€/kg",
                                    "link": "https://www.continente.pt/produto/batata-frita-ondulada-original-sem-gluten-ruffles-5531274.html?cgid=mercearias-snacks-batatas-fritas",
                                    "imagem": "https://www.continente.pt/dw/image/v2/BDVS_PRD/on/demandware.static/-/Sites-col-master-catalog/default/dwfce10652/images/col/553/5531274-frente.jpg?sw=280&sh=280"
                                },
                                {
                                    "marca": "Continente",
                                    "descricao": "Batata Doce Frita",
                                    "preco": "1,69€",
                                    "preco_antigo": null,
                                    "quantidade": "emb. 150 gr",
                                    "precoPorQuantidade": "11,27€/kg",
                                    "link": "https://www.continente.pt/produto/batata-doce-frita-continente-7376254.html?cgid=mercearias-snacks-batatas-fritas",
                                    "imagem": "https://www.continente.pt/dw/image/v2/BDVS_PRD/on/demandware.static/-/Sites-col-master-catalog/default/dw33a338de/images/col/737/7376254-frente.jpg?sw=280&sh=280"
                                },
                                {
                                    "marca": "Lay's",
                                    "descricao": "Batata Frita Lisa Original",
                                    "preco": "1,89€",
                                    "preco_antigo": null,
                                    "quantidade": "emb. 160 gr",
                                    "precoPorQuantidade": "11,81€/kg",
                                    "link": "https://www.continente.pt/produto/batata-frita-lisa-original-lays-7379467.html?cgid=mercearias-snacks-batatas-fritas",
                                    "imagem": "https://www.continente.pt/dw/image/v2/BDVS_PRD/on/demandware.static/-/Sites-col-master-catalog/default/dw36876260/images/col/737/7379467-frente.jpg?sw=280&sh=280"
                                },
                                {
                                    "marca": "Ruffles",
                                    "descricao": "Batata Frita Ondulada Sal sem Glúten",
                                    "preco": "1,89€",
                                    "preco_antigo": null,
                                    "quantidade": "emb. 160 gr",
                                    "precoPorQuantidade": "11,81€/kg",
                                    "link": "https://www.continente.pt/produto/batata-frita-ondulada-sal-sem-gluten-ruffles-7379477.html?cgid=mercearias-snacks-batatas-fritas",
                                    "imagem": "https://www.continente.pt/dw/image/v2/BDVS_PRD/on/demandware.static/-/Sites-col-master-catalog/default/dw39282a1a/images/col/737/7379477-frente.jpg?sw=280&sh=280"
                                },
                                {
                                    "marca": "Pringles",
                                    "descricao": "Snack Batata Flame Queijo & Chilli",
                                    "preco": "1,98€",
                                    "preco_antigo": null,
                                    "quantidade": "emb. 160 gr",
                                    "precoPorQuantidade": "12,38€/kg",
                                    "link": "https://www.continente.pt/produto/snack-batata-flame-queijo-chilli-pringles-7400615.html?cgid=mercearias-snacks-batatas-fritas",
                                    "imagem": "https://www.continente.pt/dw/image/v2/BDVS_PRD/on/demandware.static/-/Sites-col-master-catalog/default/dw490563bd/images/col/740/7400615-frente.jpg?sw=280&sh=280"
                                },
                                {
                                    "marca": "Pringles",
                                    "descricao": "Snacks Batata Flame Sabor Barbeque Picante",
                                    "preco": "1,98€",
                                    "preco_antigo": null,
                                    "quantidade": "emb. 160 gr",
                                    "precoPorQuantidade": "12,38€/kg",
                                    "link": "https://www.continente.pt/produto/snacks-batata-flame-sabor-barbeque-picante-pringles-7400636.html?cgid=mercearias-snacks-batatas-fritas",
                                    "imagem": "https://www.continente.pt/dw/image/v2/BDVS_PRD/on/demandware.static/-/Sites-col-master-catalog/default/dw8c969293/images/col/740/7400636-frente.jpg?sw=280&sh=280"
                                },
                                {
                                    "marca": "Pringles",
                                    "descricao": "Snacks Batata Flame Sabor Natas & Cebola",
                                    "preco": "1,98€",
                                    "preco_antigo": null,
                                    "quantidade": "emb. 160 gr",
                                    "precoPorQuantidade": "12,38€/kg",
                                    "link": "https://www.continente.pt/produto/snacks-batata-flame-sabor-natas-cebola-pringles-7400627.html?cgid=mercearias-snacks-batatas-fritas",
                                    "imagem": "https://www.continente.pt/dw/image/v2/BDVS_PRD/on/demandware.static/-/Sites-col-master-catalog/default/dw213d368e/images/col/740/7400627-frente.jpg?sw=280&sh=280"
                                },
                                {
                                    "marca": "Ruffles",
                                    "descricao": "Batata Frita Ondulada Sabor Presunto sem Glúten",
                                    "preco": "0,99€",
                                    "preco_antigo": null,
                                    "quantidade": "emb. 80 gr",
                                    "precoPorQuantidade": "12,38€/kg",
                                    "link": "https://www.continente.pt/produto/batata-frita-ondulada-sabor-presunto-sem-gluten-ruffles-5531329.html?cgid=mercearias-snacks-batatas-fritas",
                                    "imagem": "https://www.continente.pt/dw/image/v2/BDVS_PRD/on/demandware.static/-/Sites-col-master-catalog/default/dw3cae215f/images/col/553/5531329-frente.jpg?sw=280&sh=280"
                                },
                                {
                                    "marca": "Pringles",
                                    "descricao": "Snack Batata Sabor Sweet Chilli",
                                    "preco": "1,98€",
                                    "preco_antigo": null,
                                    "quantidade": "emb. 160 gr",
                                    "precoPorQuantidade": "12,38€/kg",
                                    "link": "https://www.continente.pt/produto/snack-batata-sabor-sweet-chilli-pringles-7575123.html?cgid=mercearias-snacks-batatas-fritas",
                                    "imagem": "https://www.continente.pt/dw/image/v2/BDVS_PRD/on/demandware.static/-/Sites-col-master-catalog/default/dw62912ad9/images/col/757/7575123-frente.jpg?sw=280&sh=280"
                                },
                                {
                                    "marca": "Pringles",
                                    "descricao": "Snack Batata Sabor Chouriço Picante",
                                    "preco": "1,98€",
                                    "preco_antigo": null,
                                    "quantidade": "emb. 160 gr",
                                    "precoPorQuantidade": "12,38€/kg",
                                    "link": "https://www.continente.pt/produto/snack-batata-sabor-chourico-picante-pringles-7575121.html?cgid=mercearias-snacks-batatas-fritas",
                                    "imagem": "https://www.continente.pt/dw/image/v2/BDVS_PRD/on/demandware.static/-/Sites-col-master-catalog/default/dw701ab77e/images/col/757/7575121-frente.jpg?sw=280&sh=280"
                                },
                                {
                                    "marca": "Ruffles",
                                    "descricao": "Batata Frita Ondulada Sabor a Presunto",
                                    "preco": "1,89€",
                                    "preco_antigo": null,
                                    "quantidade": "emb. 150 gr",
                                    "precoPorQuantidade": "12,60€/kg",
                                    "link": "https://www.continente.pt/produto/batata-frita-ondulada-sabor-a-presunto-ruffles-7519235.html?cgid=mercearias-snacks-batatas-fritas",
                                    "imagem": "https://www.continente.pt/dw/image/v2/BDVS_PRD/on/demandware.static/-/Sites-col-master-catalog/default/dwdfa91cb9/images/col/751/7519235-frente.jpg?sw=280&sh=280"
                                },
                                {
                                    "marca": "Ruffles",
                                    "descricao": "Batata Frita Sabor Ketchup",
                                    "preco": "1,89€",
                                    "preco_antigo": null,
                                    "quantidade": "emb. 150 gr",
                                    "precoPorQuantidade": "12,60€/kg",
                                    "link": "https://www.continente.pt/produto/batata-frita-sabor-ketchup-ruffles-7519384.html?cgid=mercearias-snacks-batatas-fritas",
                                    "imagem": "https://www.continente.pt/dw/image/v2/BDVS_PRD/on/demandware.static/-/Sites-col-master-catalog/default/dw3e162fc8/images/col/751/7519384-frente.jpg?sw=280&sh=280"
                                },
                                {
                                    "marca": "Ruffles",
                                    "descricao": "Batata Frita Ondulada Sabor Yorkeso",
                                    "preco": "1,89€",
                                    "preco_antigo": null,
                                    "quantidade": "emb. 150 gr",
                                    "precoPorQuantidade": "12,60€/kg",
                                    "link": "https://www.continente.pt/produto/batata-frita-ondulada-sabor-yorkeso-ruffles-7519442.html?cgid=mercearias-snacks-batatas-fritas",
                                    "imagem": "https://www.continente.pt/dw/image/v2/BDVS_PRD/on/demandware.static/-/Sites-col-master-catalog/default/dw7df1fbc0/images/col/751/7519442-frente.jpg?sw=280&sh=280"
                                },
                                {
                                    "marca": "Lay's",
                                    "descricao": "Batata Frita Lisa Sabor Vinagrete",
                                    "preco": "1,89€",
                                    "preco_antigo": null,
                                    "quantidade": "emb. 150 gr",
                                    "precoPorQuantidade": "12,60€/kg",
                                    "link": "https://www.continente.pt/produto/batata-frita-lisa-sabor-vinagrete-lays-7519432.html?cgid=mercearias-snacks-batatas-fritas",
                                    "imagem": "https://www.continente.pt/dw/image/v2/BDVS_PRD/on/demandware.static/-/Sites-col-master-catalog/default/dwb7a1fa94/images/col/751/7519432-frente.jpg?sw=280&sh=280"
                                },
                                {
                                    "marca": "Saloinha",
                                    "descricao": "Batata Doce Frita",
                                    "preco": "1,89€",
                                    "preco_antigo": null,
                                    "quantidade": "emb. 150 gr",
                                    "precoPorQuantidade": "12,60€/kg",
                                    "link": "https://www.continente.pt/produto/batata-doce-frita-saloinha-7147339.html?cgid=mercearias-snacks-batatas-fritas",
                                    "imagem": "https://www.continente.pt/dw/image/v2/BDVS_PRD/on/demandware.static/-/Sites-col-master-catalog/default/dw034f3fb5/images/col/714/7147339-frente.jpg?sw=280&sh=280"
                                },
                                {
                                    "marca": "Lay's",
                                    "descricao": "Batata Frita Lisa Sabor Frango Assado",
                                    "preco": "1,89€",
                                    "preco_antigo": null,
                                    "quantidade": "emb. 150 gr",
                                    "precoPorQuantidade": "12,60€/kg",
                                    "link": "https://www.continente.pt/produto/batata-frita-lisa-sabor-frango-assado-lays-7519428.html?cgid=mercearias-snacks-batatas-fritas",
                                    "imagem": "https://www.continente.pt/dw/image/v2/BDVS_PRD/on/demandware.static/-/Sites-col-master-catalog/default/dw566dcfa6/images/col/751/7519428-frente.jpg?sw=280&sh=280"
                                },
                                {
                                    "marca": "Lay's",
                                    "descricao": "Batata Frita Lisa Mediterrâneas",
                                    "preco": "2,79€",
                                    "preco_antigo": null,
                                    "quantidade": "emb. 220 gr",
                                    "precoPorQuantidade": "12,68€/kg",
                                    "link": "https://www.continente.pt/produto/batata-frita-lisa-mediterraneas-lays-7362727.html?cgid=mercearias-snacks-batatas-fritas",
                                    "imagem": "https://www.continente.pt/dw/image/v2/BDVS_PRD/on/demandware.static/-/Sites-col-master-catalog/default/dw8d365054/images/col/736/7362727-frente.jpg?sw=280&sh=280"
                                },
                                {
                                    "marca": "Lay's",
                                    "descricao": "Batata Frita Lisa Light Original",
                                    "preco": "1,89€",
                                    "preco_antigo": null,
                                    "quantidade": "emb. 140 gr",
                                    "precoPorQuantidade": "13,50€/kg",
                                    "link": "https://www.continente.pt/produto/batata-frita-lisa-light-original-lays-4272742.html?cgid=mercearias-snacks-batatas-fritas",
                                    "imagem": "https://www.continente.pt/dw/image/v2/BDVS_PRD/on/demandware.static/-/Sites-col-master-catalog/default/dwc224f3d2/images/col/427/4272742-frente.jpg?sw=280&sh=280"
                                },
                                {
                                    "marca": "Pringles",
                                    "descricao": "Snacks Batata sabor Original",
                                    "preco": "0,99€",
                                    "preco_antigo": null,
                                    "quantidade": "emb. 70 gr",
                                    "precoPorQuantidade": "14,14€/kg",
                                    "link": "https://www.continente.pt/produto/snacks-batata-sabor-original-pringles-6852170.html?cgid=mercearias-snacks-batatas-fritas",
                                    "imagem": "https://www.continente.pt/dw/image/v2/BDVS_PRD/on/demandware.static/-/Sites-col-master-catalog/default/dwbde1b2d4/images/col/685/6852170-frente.jpg?sw=280&sh=280"
                                },
                                {
                                    "marca": "Pringles",
                                    "descricao": "Snacks Batata Sabor Natas e Cebola",
                                    "preco": "0,99€",
                                    "preco_antigo": null,
                                    "quantidade": "emb. 70 gr",
                                    "precoPorQuantidade": "14,14€/kg",
                                    "link": "https://www.continente.pt/produto/snacks-batata-sabor-natas-e-cebola-pringles-6967732.html?cgid=mercearias-snacks-batatas-fritas",
                                    "imagem": "https://www.continente.pt/dw/image/v2/BDVS_PRD/on/demandware.static/-/Sites-col-master-catalog/default/dwa3de971a/images/col/696/6967732-frente.jpg?sw=280&sh=280"
                                },
                                {
                                    "marca": "Ruffles",
                                    "descricao": "Batata Frita Double Crunch Cheddar & Onion",
                                    "preco": "1,99€",
                                    "preco_antigo": null,
                                    "quantidade": "emb. 140 gr",
                                    "precoPorQuantidade": "14,21€/kg",
                                    "link": "https://www.continente.pt/produto/batata-frita-double-crunch-cheddar-onion-ruffles-7395932.html?cgid=mercearias-snacks-batatas-fritas",
                                    "imagem": "https://www.continente.pt/dw/image/v2/BDVS_PRD/on/demandware.static/-/Sites-col-master-catalog/default/dw2c6d976d/images/col/739/7395932-frente.jpg?sw=280&sh=280"
                                },
                                {
                                    "marca": "Ruffles",
                                    "descricao": "Batata Frita Double Crunch Barbeque",
                                    "preco": "1,99€",
                                    "preco_antigo": null,
                                    "quantidade": "emb. 140 gr",
                                    "precoPorQuantidade": "14,21€/kg",
                                    "link": "https://www.continente.pt/produto/batata-frita-double-crunch-barbeque-ruffles-7395931.html?cgid=mercearias-snacks-batatas-fritas",
                                    "imagem": "https://www.continente.pt/dw/image/v2/BDVS_PRD/on/demandware.static/-/Sites-col-master-catalog/default/dw21c52236/images/col/739/7395931-frente.jpg?sw=280&sh=280"
                                },
                                {
                                    "marca": "Lay's",
                                    "descricao": "Batata Frita Lisa Mediterrâneas",
                                    "preco": "2,19€",
                                    "preco_antigo": null,
                                    "quantidade": "emb. 150 gr",
                                    "precoPorQuantidade": "14,60€/kg",
                                    "link": "https://www.continente.pt/produto/batata-frita-lisa-mediterraneas-lays-7379481.html?cgid=mercearias-snacks-batatas-fritas",
                                    "imagem": "https://www.continente.pt/dw/image/v2/BDVS_PRD/on/demandware.static/-/Sites-col-master-catalog/default/dwdc0f80e4/images/col/737/7379481-frente.jpg?sw=280&sh=280"
                                },
                                {
                                    "marca": "Lay's",
                                    "descricao": "Batata Frita Forno Ondulada Original",
                                    "preco": "2,19€",
                                    "preco_antigo": null,
                                    "quantidade": "emb. 150 gr",
                                    "precoPorQuantidade": "14,60€/kg",
                                    "link": "https://www.continente.pt/produto/batata-frita-forno-ondulada-original-lays-4896095.html?cgid=mercearias-snacks-batatas-fritas",
                                    "imagem": "https://www.continente.pt/dw/image/v2/BDVS_PRD/on/demandware.static/-/Sites-col-master-catalog/default/dw2268803e/images/col/489/4896095-frente.jpg?sw=280&sh=280"
                                },
                                {
                                    "marca": "Pringles",
                                    "descricao": "Snacks Batata Hot & Spicy",
                                    "preco": "2,65€",
                                    "preco_antigo": null,
                                    "quantidade": "emb. 175 gr",
                                    "precoPorQuantidade": "15,14€/kg",
                                    "link": "https://www.continente.pt/produto/snacks-batata-hot-spicy-pringles-7378741.html?cgid=mercearias-snacks-batatas-fritas",
                                    "imagem": "https://www.continente.pt/dw/image/v2/BDVS_PRD/on/demandware.static/-/Sites-col-master-catalog/default/dw874dfaba/images/col/737/7378741-frente.jpg?sw=280&sh=280"
                                },
                                {
                                    "marca": "Pringles",
                                    "descricao": "Snacks Batata Natas & Cebola",
                                    "preco": "2,65€",
                                    "preco_antigo": null,
                                    "quantidade": "emb. 175 gr",
                                    "precoPorQuantidade": "15,14€/kg",
                                    "link": "https://www.continente.pt/produto/snacks-batata-natas-cebola-pringles-7377316.html?cgid=mercearias-snacks-batatas-fritas",
                                    "imagem": "https://www.continente.pt/dw/image/v2/BDVS_PRD/on/demandware.static/-/Sites-col-master-catalog/default/dw57c31aee/images/col/737/7377316-frente.jpg?sw=280&sh=280"
                                },
                                {
                                    "marca": "Pringles",
                                    "descricao": "Snacks Batata Paprika",
                                    "preco": "2,65€",
                                    "preco_antigo": null,
                                    "quantidade": "emb. 175 gr",
                                    "precoPorQuantidade": "15,14€/kg",
                                    "link": "https://www.continente.pt/produto/snacks-batata-paprika-pringles-7381984.html?cgid=mercearias-snacks-batatas-fritas",
                                    "imagem": "https://www.continente.pt/dw/image/v2/BDVS_PRD/on/demandware.static/-/Sites-col-master-catalog/default/dw01f4bdcb/images/col/738/7381984-frente.jpg?sw=280&sh=280"
                                },
                                {
                                    "marca": "Pringles",
                                    "descricao": "Snacks Batata Sabor Pizza",
                                    "preco": "2,65€",
                                    "preco_antigo": null,
                                    "quantidade": "emb. 175 gr",
                                    "precoPorQuantidade": "15,14€/kg",
                                    "link": "https://www.continente.pt/produto/snacks-batata-sabor-pizza-pringles-7396696.html?cgid=mercearias-snacks-batatas-fritas",
                                    "imagem": "https://www.continente.pt/dw/image/v2/BDVS_PRD/on/demandware.static/-/Sites-col-master-catalog/default/dw3454b826/images/col/739/7396696-frente.jpg?sw=280&sh=280"
                                },
                                {
                                    "marca": "Pringles",
                                    "descricao": "Snacks Batata Queijo & Cebola",
                                    "preco": "2,65€",
                                    "preco_antigo": null,
                                    "quantidade": "emb. 175 gr",
                                    "precoPorQuantidade": "15,14€/kg",
                                    "link": "https://www.continente.pt/produto/snacks-batata-queijo-cebola-pringles-7377314.html?cgid=mercearias-snacks-batatas-fritas",
                                    "imagem": "https://www.continente.pt/dw/image/v2/BDVS_PRD/on/demandware.static/-/Sites-col-master-catalog/default/dw1bc009dc/images/col/737/7377314-frente.jpg?sw=280&sh=280"
                                },
                                {
                                    "marca": "Pringles",
                                    "descricao": "Snacks Batata Original",
                                    "preco": "2,65€",
                                    "preco_antigo": null,
                                    "quantidade": "emb. 175 gr",
                                    "precoPorQuantidade": "15,14€/kg",
                                    "link": "https://www.continente.pt/produto/snacks-batata-original-pringles-7377315.html?cgid=mercearias-snacks-batatas-fritas",
                                    "imagem": "https://www.continente.pt/dw/image/v2/BDVS_PRD/on/demandware.static/-/Sites-col-master-catalog/default/dw61b10493/images/col/737/7377315-frente.jpg?sw=280&sh=280"
                                },
                                {
                                    "marca": "Lay's",
                                    "descricao": "Batata Frita Forno Ondulada Sabor Paprika",
                                    "preco": "2,19€",
                                    "preco_antigo": null,
                                    "quantidade": "emb. 130 gr",
                                    "precoPorQuantidade": "16,85€/kg",
                                    "link": "https://www.continente.pt/produto/batata-frita-forno-ondulada-sabor-paprika-lays-7081639.html?cgid=mercearias-snacks-batatas-fritas",
                                    "imagem": "https://www.continente.pt/dw/image/v2/BDVS_PRD/on/demandware.static/-/Sites-col-master-catalog/default/dw25553d3e/images/col/708/7081639-frente.jpg?sw=280&sh=280"
                                },
                                {
                                    "marca": "Lay's",
                                    "descricao": "Batata Frita Forno Ondulada Sabor Camponesas",
                                    "preco": "2,19€",
                                    "preco_antigo": null,
                                    "quantidade": "emb. 130 gr",
                                    "precoPorQuantidade": "16,85€/kg",
                                    "link": "https://www.continente.pt/produto/batata-frita-forno-ondulada-sabor-camponesas-lays-4897243.html?cgid=mercearias-snacks-batatas-fritas",
                                    "imagem": "https://www.continente.pt/dw/image/v2/BDVS_PRD/on/demandware.static/-/Sites-col-master-catalog/default/dw9f16cf3d/images/col/489/4897243-frente.jpg?sw=280&sh=280"
                                },
                                {
                                    "marca": "Lay's",
                                    "descricao": "Batata Frita Forno Ondulada Sabor Ervas Provençais",
                                    "preco": "2,19€",
                                    "preco_antigo": null,
                                    "quantidade": "emb. 130 gr",
                                    "precoPorQuantidade": "16,85€/kg",
                                    "link": "https://www.continente.pt/produto/batata-frita-forno-ondulada-sabor-ervas-provencais-lays-6482858.html?cgid=mercearias-snacks-batatas-fritas",
                                    "imagem": "https://www.continente.pt/dw/image/v2/BDVS_PRD/on/demandware.static/-/Sites-col-master-catalog/default/dw465e76e7/images/col/648/6482858-frente.jpg?sw=280&sh=280"
                                },
                                {
                                    "marca": "Tyrrell's",
                                    "descricao": "Batata Frita Sal Marinho e Vinagre",
                                    "preco": "2,64€",
                                    "preco_antigo": null,
                                    "quantidade": "emb. 150 gr",
                                    "precoPorQuantidade": "17,60€/kg",
                                    "link": "https://www.continente.pt/produto/batata-frita-sal-marinho-e-vinagre-tyrrells-6910653.html?cgid=mercearias-snacks-batatas-fritas",
                                    "imagem": "https://www.continente.pt/dw/image/v2/BDVS_PRD/on/demandware.static/-/Sites-col-master-catalog/default/dwb7cbf976/images/col/691/6910653-frente.jpg?sw=280&sh=280"
                                },
                                {
                                    "marca": "Tyrrell's",
                                    "descricao": "Batata Frita Sabor Chilli e Pimento Vermelho",
                                    "preco": "2,64€",
                                    "preco_antigo": null,
                                    "quantidade": "emb. 150 gr",
                                    "precoPorQuantidade": "17,60€/kg",
                                    "link": "https://www.continente.pt/produto/batata-frita-sabor-chilli-e-pimento-vermelho-tyrrells-6772760.html?cgid=mercearias-snacks-batatas-fritas",
                                    "imagem": "https://www.continente.pt/dw/image/v2/BDVS_PRD/on/demandware.static/-/Sites-col-master-catalog/default/dw2a46ae2e/images/col/677/6772760-frente.jpg?sw=280&sh=280"
                                },
                                {
                                    "marca": "Tyrrell's",
                                    "descricao": "Batata Frita Sabor Pimenta Preta",
                                    "preco": "2,64€",
                                    "preco_antigo": null,
                                    "quantidade": "emb. 150 gr",
                                    "precoPorQuantidade": "17,60€/kg",
                                    "link": "https://www.continente.pt/produto/batata-frita-sabor-pimenta-preta-tyrrells-5368820.html?cgid=mercearias-snacks-batatas-fritas",
                                    "imagem": "https://www.continente.pt/dw/image/v2/BDVS_PRD/on/demandware.static/-/Sites-col-master-catalog/default/dw40a6c822/images/col/536/5368820-frente.jpg?sw=280&sh=280"
                                },
                                {
                                    "marca": "Tyrrell's",
                                    "descricao": "Batata Frita Salgada",
                                    "preco": "2,64€",
                                    "preco_antigo": null,
                                    "quantidade": "emb. 150 gr",
                                    "precoPorQuantidade": "17,60€/kg",
                                    "link": "https://www.continente.pt/produto/batata-frita-salgada-tyrrells-5368801.html?cgid=mercearias-snacks-batatas-fritas",
                                    "imagem": "https://www.continente.pt/dw/image/v2/BDVS_PRD/on/demandware.static/-/Sites-col-master-catalog/default/dw95b6f32a/images/col/536/5368801-frente.jpg?sw=280&sh=280"
                                },
                                {
                                    "marca": "Maria Batata",
                                    "descricao": "Batata Doce Frita",
                                    "preco": "2,09€",
                                    "preco_antigo": null,
                                    "quantidade": "emb. 100 gr",
                                    "precoPorQuantidade": "20,90€/kg",
                                    "link": "https://www.continente.pt/produto/batata-doce-frita-maria-batata-6415694.html?cgid=mercearias-snacks-batatas-fritas",
                                    "imagem": "https://www.continente.pt/dw/image/v2/BDVS_PRD/on/demandware.static/-/Sites-col-master-catalog/default/dw5c61fae5/images/col/641/6415694-frente.jpg?sw=280&sh=280"
                                },
                                {
                                    "marca": "Go Pure",
                                    "descricao": "Batata Frita com Sal Onduladas Biológica",
                                    "preco": "2,89€",
                                    "preco_antigo": null,
                                    "quantidade": "emb. 125 gr",
                                    "precoPorQuantidade": "23,12€/kg",
                                    "link": "https://www.continente.pt/produto/batata-frita-com-sal-onduladas-biologica-go-pure-5895611.html?cgid=mercearias-snacks-batatas-fritas",
                                    "imagem": "https://www.continente.pt/dw/image/v2/BDVS_PRD/on/demandware.static/-/Sites-col-master-catalog/default/dw4215d3ab/images/col/589/5895611-frente.jpg?sw=280&sh=280"
                                },
                                {
                                    "marca": "Mr.Salt",
                                    "descricao": "Batata Doce Frita",
                                    "preco": "1,39€",
                                    "preco_antigo": null,
                                    "quantidade": "emb. 40 gr",
                                    "precoPorQuantidade": "34,75€/kg",
                                    "link": "https://www.continente.pt/produto/batata-doce-frita-mr.salt-7180182.html?cgid=mercearias-snacks-batatas-fritas",
                                    "imagem": "https://www.continente.pt/dw/image/v2/BDVS_PRD/on/demandware.static/-/Sites-col-master-catalog/default/dw153dff1a/images/col/718/7180182-frente.jpg?sw=280&sh=280"
                                },
                                {
                                    "marca": "Go Pure",
                                    "descricao": "Batatas Fritas Vegetais Biológico",
                                    "preco": "3,69€",
                                    "preco_antigo": null,
                                    "quantidade": "emb. 90 gr",
                                    "precoPorQuantidade": "41,00€/kg",
                                    "link": "https://www.continente.pt/produto/batatas-fritas-vegetais-biologico-go-pure-5895728.html?cgid=mercearias-snacks-batatas-fritas",
                                    "imagem": "https://www.continente.pt/dw/image/v2/BDVS_PRD/on/demandware.static/-/Sites-col-master-catalog/default/dw7572ec62/images/col/589/5895728-frente.jpg?sw=280&sh=280"
                                }
                            ]
                        },
                        {
                            "name": "Aperitivos e Snacks",
                            "items": [
                                {
                                    "marca": "Continente",
                                    "descricao": "Snacks Tiras de Milho",
                                    "preco": "0,65€",
                                    "preco_antigo": null,
                                    "quantidade": "emb. 130 gr",
                                    "precoPorQuantidade": "5,00€/kg",
                                    "link": "https://www.continente.pt/produto/snacks-tiras-de-milho-continente-7201350.html?cgid=mercearias-snacks-aperitivos",
                                    "imagem": "https://www.continente.pt/dw/image/v2/BDVS_PRD/on/demandware.static/-/Sites-col-master-catalog/default/dwd202011e/images/col/720/7201350-frente.jpg?sw=280&sh=280"
                                },
                                {
                                    "marca": "Continente",
                                    "descricao": "Frasco Pretzels Sticks",
                                    "preco": "1,69€",
                                    "preco_antigo": null,
                                    "quantidade": "emb. 300 gr",
                                    "precoPorQuantidade": "5,63€/kg",
                                    "link": "https://www.continente.pt/produto/frasco-pretzels-sticks-continente-7388646.html?cgid=mercearias-snacks-aperitivos",
                                    "imagem": "https://www.continente.pt/dw/image/v2/BDVS_PRD/on/demandware.static/-/Sites-col-master-catalog/default/dwe8b0dd52/images/col/738/7388646-frente.jpg?sw=280&sh=280"
                                },
                                {
                                    "marca": "Continente",
                                    "descricao": "Cones de Milho Queijo e Bacon",
                                    "preco": "0,79€",
                                    "preco_antigo": null,
                                    "quantidade": "emb. 130 gr",
                                    "precoPorQuantidade": "6,08€/kg",
                                    "link": "https://www.continente.pt/produto/cones-de-milho-queijo-e-bacon-continente-7406326.html?cgid=mercearias-snacks-aperitivos",
                                    "imagem": "https://www.continente.pt/dw/image/v2/BDVS_PRD/on/demandware.static/-/Sites-col-master-catalog/default/dwe0642a76/images/col/740/7406326-frente.jpg?sw=280&sh=280"
                                },
                                {
                                    "marca": "Continente",
                                    "descricao": "Snacks Tortilha Nachos de Milho com Sal",
                                    "preco": "0,99€",
                                    "preco_antigo": null,
                                    "quantidade": "emb. 150 gr",
                                    "precoPorQuantidade": "6,60€/kg",
                                    "link": "https://www.continente.pt/produto/snacks-tortilha-nachos-de-milho-com-sal-continente-7141039.html?cgid=mercearias-snacks-aperitivos",
                                    "imagem": "https://www.continente.pt/dw/image/v2/BDVS_PRD/on/demandware.static/-/Sites-col-master-catalog/default/dwd9cd878f/images/col/714/7141039-hero.jpg?sw=280&sh=280"
                                },
                                {
                                    "marca": "Continente",
                                    "descricao": "Nachos de Milho Sabor a Queijo",
                                    "preco": "0,99€",
                                    "preco_antigo": null,
                                    "quantidade": "emb. 150 gr",
                                    "precoPorQuantidade": "6,60€/kg",
                                    "link": "https://www.continente.pt/produto/nachos-de-milho-sabor-a-queijo-continente-7395089.html?cgid=mercearias-snacks-aperitivos",
                                    "imagem": "https://www.continente.pt/dw/image/v2/BDVS_PRD/on/demandware.static/-/Sites-col-master-catalog/default/dwdbbcf787/images/col/739/7395089-frente.jpg?sw=280&sh=280"
                                },
                                {
                                    "marca": "Cuétara",
                                    "descricao": "Snacks Bolachas Krititas Krit",
                                    "preco": "2,69€",
                                    "preco_antigo": null,
                                    "quantidade": "emb. 350 gr",
                                    "precoPorQuantidade": "7,69€/kg",
                                    "link": "https://www.continente.pt/produto/snacks-bolachas-krititas-krit-cuetara-2841580.html?cgid=mercearias-snacks-aperitivos",
                                    "imagem": "https://www.continente.pt/dw/image/v2/BDVS_PRD/on/demandware.static/-/Sites-col-master-catalog/default/dw9588f845/images/col/284/2841580-frente.jpg?sw=280&sh=280"
                                },
                                {
                                    "marca": "Cuétara",
                                    "descricao": "Snack Salgado Peixinhos Frasco",
                                    "preco": "2,69€",
                                    "preco_antigo": null,
                                    "quantidade": "emb. 350 gr",
                                    "precoPorQuantidade": "7,69€/kg",
                                    "link": "https://www.continente.pt/produto/snack-salgado-peixinhos-frasco-cuetara-7576438.html?cgid=mercearias-snacks-aperitivos",
                                    "imagem": "https://www.continente.pt/dw/image/v2/BDVS_PRD/on/demandware.static/-/Sites-col-master-catalog/default/dw81bbb221/images/col/757/7576438-frente.jpg?sw=280&sh=280"
                                },
                                {
                                    "marca": "Matutano",
                                    "descricao": "Snack Mix Queijo",
                                    "preco": "1,09€",
                                    "preco_antigo": null,
                                    "quantidade": "emb. 140 gr",
                                    "precoPorQuantidade": "7,79€/kg",
                                    "link": "https://www.continente.pt/produto/snack-mix-queijo-matutano-7106079.html?cgid=mercearias-snacks-aperitivos",
                                    "imagem": "https://www.continente.pt/dw/image/v2/BDVS_PRD/on/demandware.static/-/Sites-col-master-catalog/default/dw9563e312/images/col/710/7106079-frente.jpg?sw=280&sh=280"
                                },
                                {
                                    "marca": "Sunbites",
                                    "descricao": "Snack Equilíbrio de Cereais Queijo e Cebola",
                                    "preco": "0,94€",
                                    "preco_antigo": null,
                                    "quantidade": "emb. 95 gr",
                                    "precoPorQuantidade": "9,89€/kg",
                                    "link": "https://www.continente.pt/produto/snack-equilibrio-de-cereais-queijo-e-cebola-sunbites-6186825.html?cgid=mercearias-snacks-aperitivos",
                                    "imagem": "https://www.continente.pt/dw/image/v2/BDVS_PRD/on/demandware.static/-/Sites-col-master-catalog/default/dwdb8be58e/images/col/618/6186825-frente.jpg?sw=280&sh=280"
                                },
                                {
                                    "marca": "Sunbites",
                                    "descricao": "Snack Equilíbrio de Cereais Sal Marinho",
                                    "preco": "0,94€",
                                    "preco_antigo": null,
                                    "quantidade": "emb. 95 gr",
                                    "precoPorQuantidade": "9,89€/kg",
                                    "link": "https://www.continente.pt/produto/snack-equilibrio-de-cereais-sal-marinho-sunbites-6186824.html?cgid=mercearias-snacks-aperitivos",
                                    "imagem": "https://www.continente.pt/dw/image/v2/BDVS_PRD/on/demandware.static/-/Sites-col-master-catalog/default/dwef876ae0/images/col/618/6186824-frente.jpg?sw=280&sh=280"
                                },
                                {
                                    "marca": "Sunbites",
                                    "descricao": "Snack Equilíbrio de Cereais Sour Cream e Pimenta",
                                    "preco": "0,94€",
                                    "preco_antigo": null,
                                    "quantidade": "emb. 95 gr",
                                    "precoPorQuantidade": "9,89€/kg",
                                    "link": "https://www.continente.pt/produto/snack-equilibrio-de-cereais-sour-cream-e-pimenta-sunbites-6419885.html?cgid=mercearias-snacks-aperitivos",
                                    "imagem": "https://www.continente.pt/dw/image/v2/BDVS_PRD/on/demandware.static/-/Sites-col-master-catalog/default/dw2381b649/images/col/641/6419885-frente.jpg?sw=280&sh=280"
                                },
                                {
                                    "marca": "Doritos",
                                    "descricao": "Snack Milho Bits Barbecue",
                                    "preco": "1,10€",
                                    "preco_antigo": null,
                                    "quantidade": "emb. 100 gr",
                                    "precoPorQuantidade": "11,00€/kg",
                                    "link": "https://www.continente.pt/produto/snack-milho-bits-barbecue-doritos-6217525.html?cgid=mercearias-snacks-aperitivos",
                                    "imagem": "https://www.continente.pt/dw/image/v2/BDVS_PRD/on/demandware.static/-/Sites-col-master-catalog/default/dw91198344/images/col/621/6217525-frente.jpg?sw=280&sh=280"
                                },
                                {
                                    "marca": "Doritos",
                                    "descricao": "Snack Milho Bits Nata e Cebola",
                                    "preco": "1,10€",
                                    "preco_antigo": null,
                                    "quantidade": "emb. 100 gr",
                                    "precoPorQuantidade": "11,00€/kg",
                                    "link": "https://www.continente.pt/produto/snack-milho-bits-nata-e-cebola-doritos-6217531.html?cgid=mercearias-snacks-aperitivos",
                                    "imagem": "https://www.continente.pt/dw/image/v2/BDVS_PRD/on/demandware.static/-/Sites-col-master-catalog/default/dw83e3185d/images/col/621/6217531-frente.jpg?sw=280&sh=280"
                                },
                                {
                                    "marca": "Doritos",
                                    "descricao": "Snack Milho Dippas sem Glúten",
                                    "preco": "1,99€",
                                    "preco_antigo": null,
                                    "quantidade": "emb. 180 gr",
                                    "precoPorQuantidade": "11,06€/kg",
                                    "link": "https://www.continente.pt/produto/snack-milho-dippas-sem-gluten-doritos-7379514.html?cgid=mercearias-snacks-aperitivos",
                                    "imagem": "https://www.continente.pt/dw/image/v2/BDVS_PRD/on/demandware.static/-/Sites-col-master-catalog/default/dw3d6b6203/images/col/737/7379514-frente.jpg?sw=280&sh=280"
                                },
                                {
                                    "marca": "Doritos",
                                    "descricao": "Snack Tex-Mex",
                                    "preco": "2,89€",
                                    "preco_antigo": null,
                                    "quantidade": "emb. 260 gr",
                                    "precoPorQuantidade": "11,12€/kg",
                                    "link": "https://www.continente.pt/produto/snack-tex-mex-doritos-7376972.html?cgid=mercearias-snacks-aperitivos",
                                    "imagem": "https://www.continente.pt/dw/image/v2/BDVS_PRD/on/demandware.static/-/Sites-col-master-catalog/default/dwd08f5bf9/images/col/737/7376972-frente.jpg?sw=280&sh=280"
                                },
                                {
                                    "marca": "Gullón",
                                    "descricao": "Cracker Quinoa & Chia",
                                    "preco": "2,84€",
                                    "preco_antigo": null,
                                    "quantidade": "emb.250 gr",
                                    "precoPorQuantidade": "11,36€/kg",
                                    "link": "https://www.continente.pt/produto/cracker-quinoa-chia-gullon-7365346.html?cgid=mercearias-snacks-aperitivos",
                                    "imagem": "https://www.continente.pt/dw/image/v2/BDVS_PRD/on/demandware.static/-/Sites-col-master-catalog/default/dw51fab749/images/col/736/7365346-frente.jpg?sw=280&sh=280"
                                },
                                {
                                    "marca": "Gullón",
                                    "descricao": "Crackers Queijo Cheddar",
                                    "preco": "2,84€",
                                    "preco_antigo": null,
                                    "quantidade": "emb. 250 gr",
                                    "precoPorQuantidade": "11,36€/kg",
                                    "link": "https://www.continente.pt/produto/crackers-queijo-cheddar-gullon-7364141.html?cgid=mercearias-snacks-aperitivos",
                                    "imagem": "https://www.continente.pt/dw/image/v2/BDVS_PRD/on/demandware.static/-/Sites-col-master-catalog/default/dw497d064c/images/col/736/7364141-frente.jpg?sw=280&sh=280"
                                },
                                {
                                    "marca": "Mister Free'd",
                                    "descricao": "Snacks Tortilha Chips Queijo",
                                    "preco": "1,59€",
                                    "preco_antigo": null,
                                    "quantidade": "emb. 135 gr",
                                    "precoPorQuantidade": "11,78€/kg",
                                    "link": "https://www.continente.pt/produto/snacks-tortilha-chips-queijo-mister-freed-7430426.html?cgid=mercearias-snacks-aperitivos",
                                    "imagem": "https://www.continente.pt/dw/image/v2/BDVS_PRD/on/demandware.static/-/Sites-col-master-catalog/default/dw70f669b5/images/col/743/7430426-frente.jpg?sw=280&sh=280"
                                },
                                {
                                    "marca": "Doritos",
                                    "descricao": "Snacks Milho Barbecue",
                                    "preco": "1,65€",
                                    "preco_antigo": null,
                                    "quantidade": "emb. 140 gr",
                                    "precoPorQuantidade": "11,79€/kg",
                                    "link": "https://www.continente.pt/produto/snacks-milho-barbecue-doritos-7376973.html?cgid=mercearias-snacks-aperitivos",
                                    "imagem": "https://www.continente.pt/dw/image/v2/BDVS_PRD/on/demandware.static/-/Sites-col-master-catalog/default/dw768fab28/images/col/737/7376973-frente.jpg?sw=280&sh=280"
                                },
                                {
                                    "marca": "Doritos",
                                    "descricao": "Snacks Milho Chilli Pepper",
                                    "preco": "1,65€",
                                    "preco_antigo": null,
                                    "quantidade": "emb. 140 gr",
                                    "precoPorQuantidade": "11,79€/kg",
                                    "link": "https://www.continente.pt/produto/snacks-milho-chilli-pepper-doritos-7376971.html?cgid=mercearias-snacks-aperitivos",
                                    "imagem": "https://www.continente.pt/dw/image/v2/BDVS_PRD/on/demandware.static/-/Sites-col-master-catalog/default/dw58d2b76a/images/col/737/7376971-frente.jpg?sw=280&sh=280"
                                },
                                {
                                    "marca": "Doritos",
                                    "descricao": "Snacks Flaming Hot",
                                    "preco": "1,65€",
                                    "preco_antigo": null,
                                    "quantidade": "emb. 140 gr",
                                    "precoPorQuantidade": "11,79€/kg",
                                    "link": "https://www.continente.pt/produto/snacks-flaming-hot-doritos-7395934.html?cgid=mercearias-snacks-aperitivos",
                                    "imagem": "https://www.continente.pt/dw/image/v2/BDVS_PRD/on/demandware.static/-/Sites-col-master-catalog/default/dw5bb32806/images/col/739/7395934-frente.jpg?sw=280&sh=280"
                                },
                                {
                                    "marca": "Doritos",
                                    "descricao": "Snacks Pizza",
                                    "preco": "1,65€",
                                    "preco_antigo": null,
                                    "quantidade": "emb. 140 gr",
                                    "precoPorQuantidade": "11,79€/kg",
                                    "link": "https://www.continente.pt/produto/snacks-pizza-doritos-7546328.html?cgid=mercearias-snacks-aperitivos",
                                    "imagem": "https://www.continente.pt/dw/image/v2/BDVS_PRD/on/demandware.static/-/Sites-col-master-catalog/default/dw7909bb02/images/col/754/7546328-frente.jpg?sw=280&sh=280"
                                },
                                {
                                    "marca": "Cheetos",
                                    "descricao": "Snacks Milho Rolitos Queijo",
                                    "preco": "1,23€",
                                    "preco_antigo": null,
                                    "quantidade": "emb. 100 gr",
                                    "precoPorQuantidade": "12,30€/kg",
                                    "link": "https://www.continente.pt/produto/snacks-milho-rolitos-queijo-cheetos-4273280.html?cgid=mercearias-snacks-aperitivos",
                                    "imagem": "https://www.continente.pt/dw/image/v2/BDVS_PRD/on/demandware.static/-/Sites-col-master-catalog/default/dw6f6bf6b2/images/col/427/4273280-frente.jpg?sw=280&sh=280"
                                },
                                {
                                    "marca": "Mexifoods",
                                    "descricao": "Snacks Tortilha Nachos com Sal",
                                    "preco": "2,49€",
                                    "preco_antigo": null,
                                    "quantidade": "emb. 200 gr",
                                    "precoPorQuantidade": "12,45€/kg",
                                    "link": "https://www.continente.pt/produto/snacks-tortilha-nachos-com-sal-mexifoods-6218452.html?cgid=mercearias-snacks-aperitivos",
                                    "imagem": "https://www.continente.pt/dw/image/v2/BDVS_PRD/on/demandware.static/-/Sites-col-master-catalog/default/dw43a60bb3/images/col/621/6218452-frente.jpg?sw=280&sh=280"
                                },
                                {
                                    "marca": "Cheetos",
                                    "descricao": "Snacks Milho Futebolas Sabor Queijo",
                                    "preco": "1,65€",
                                    "preco_antigo": null,
                                    "quantidade": "emb. 130 gr",
                                    "precoPorQuantidade": "12,69€/kg",
                                    "link": "https://www.continente.pt/produto/snacks-milho-futebolas-sabor-queijo-cheetos-2727977.html?cgid=mercearias-snacks-aperitivos",
                                    "imagem": "https://www.continente.pt/dw/image/v2/BDVS_PRD/on/demandware.static/-/Sites-col-master-catalog/default/dwd3dbfb31/images/col/272/2727977-frente.jpg?sw=280&sh=280"
                                },
                                {
                                    "marca": "Matutano",
                                    "descricao": "Tiras de Milho Fritas",
                                    "preco": "1,65€",
                                    "preco_antigo": null,
                                    "quantidade": "emb. 130 gr",
                                    "precoPorQuantidade": "12,69€/kg",
                                    "link": "https://www.continente.pt/produto/tiras-de-milho-fritas-matutano-2727796.html?cgid=mercearias-snacks-aperitivos",
                                    "imagem": "https://www.continente.pt/dw/image/v2/BDVS_PRD/on/demandware.static/-/Sites-col-master-catalog/default/dw1b25feeb/images/col/272/2727796-frente.jpg?sw=280&sh=280"
                                },
                                {
                                    "marca": "Cheetos",
                                    "descricao": "Snacks Milho Palitos Sabor Ketchup",
                                    "preco": "1,23€",
                                    "preco_antigo": null,
                                    "quantidade": "emb. 96 gr",
                                    "precoPorQuantidade": "12,81€/kg",
                                    "link": "https://www.continente.pt/produto/snacks-milho-palitos-sabor-ketchup-cheetos-4893530.html?cgid=mercearias-snacks-aperitivos",
                                    "imagem": "https://www.continente.pt/dw/image/v2/BDVS_PRD/on/demandware.static/-/Sites-col-master-catalog/default/dw672ed81a/images/col/489/4893530-frente.jpg?sw=280&sh=280"
                                },
                                {
                                    "marca": "Mexifoods",
                                    "descricao": "Snacks Tortilha Nachos com Queijo",
                                    "preco": "2,69€",
                                    "preco_antigo": null,
                                    "quantidade": "emb. 200 gr",
                                    "precoPorQuantidade": "13,45€/kg",
                                    "link": "https://www.continente.pt/produto/snacks-tortilha-nachos-com-queijo-mexifoods-6218473.html?cgid=mercearias-snacks-aperitivos",
                                    "imagem": "https://www.continente.pt/dw/image/v2/BDVS_PRD/on/demandware.static/-/Sites-col-master-catalog/default/dwd00fe247/images/col/621/6218473-frente.jpg?sw=280&sh=280"
                                },
                                {
                                    "marca": "Doritos",
                                    "descricao": "Snacks Milho Tex-Mex Sabor Queijo",
                                    "preco": "1,65€",
                                    "preco_antigo": null,
                                    "quantidade": "emb. 120 gr",
                                    "precoPorQuantidade": "13,75€/kg",
                                    "link": "https://www.continente.pt/produto/snacks-milho-tex-mex-sabor-queijo-doritos-2727930.html?cgid=mercearias-snacks-aperitivos",
                                    "imagem": "https://www.continente.pt/dw/image/v2/BDVS_PRD/on/demandware.static/-/Sites-col-master-catalog/default/dw458d1736/images/col/272/2727930-frente.jpg?sw=280&sh=280"
                                },
                                {
                                    "marca": "Zanuy",
                                    "descricao": "Snack Tortilhas Nachos Queijo",
                                    "preco": "2,79€",
                                    "preco_antigo": null,
                                    "quantidade": "emb. 200 gr",
                                    "precoPorQuantidade": "13,95€/kg",
                                    "link": "https://www.continente.pt/produto/snack-tortilhas-nachos-queijo-zanuy-4917055.html?cgid=mercearias-snacks-aperitivos",
                                    "imagem": "https://www.continente.pt/dw/image/v2/BDVS_PRD/on/demandware.static/-/Sites-col-master-catalog/default/dw1418086f/images/col/491/4917055-frente.jpg?sw=280&sh=280"
                                },
                                {
                                    "marca": "Zanuy",
                                    "descricao": "Snacks Tortilha Chip e Beterraba",
                                    "preco": "1,99€",
                                    "preco_antigo": null,
                                    "quantidade": "emb. 130 gr",
                                    "precoPorQuantidade": "15,31€/kg",
                                    "link": "https://www.continente.pt/produto/snacks-tortilha-chip-e-beterraba-zanuy-7191264.html?cgid=mercearias-snacks-aperitivos",
                                    "imagem": "https://www.continente.pt/dw/image/v2/BDVS_PRD/on/demandware.static/-/Sites-col-master-catalog/default/dwdb17342f/images/col/719/7191264-frente.jpg?sw=280&sh=280"
                                },
                                {
                                    "marca": "Zanuy",
                                    "descricao": "Snacks Tortilha Chip & Chia sem Glúten",
                                    "preco": "1,99€",
                                    "preco_antigo": null,
                                    "quantidade": "emb. 130 gr",
                                    "precoPorQuantidade": "15,31€/kg",
                                    "link": "https://www.continente.pt/produto/snacks-tortilha-chip-chia-sem-gluten-zanuy-7191263.html?cgid=mercearias-snacks-aperitivos",
                                    "imagem": "https://www.continente.pt/dw/image/v2/BDVS_PRD/on/demandware.static/-/Sites-col-master-catalog/default/dwe09f5bf9/images/col/719/7191263-frente.jpg?sw=280&sh=280"
                                },
                                {
                                    "marca": "Old El Paso",
                                    "descricao": "Snacks Tortilla Nachips sem Glúten",
                                    "preco": "2,99€",
                                    "preco_antigo": null,
                                    "quantidade": "emb. 185 gr",
                                    "precoPorQuantidade": "16,16€/kg",
                                    "link": "https://www.continente.pt/produto/snacks-tortilla-nachips-sem-gluten-old-el-paso-6028241.html?cgid=mercearias-snacks-aperitivos",
                                    "imagem": "https://www.continente.pt/dw/image/v2/BDVS_PRD/on/demandware.static/-/Sites-col-master-catalog/default/dwf915baaa/images/col/602/6028241-frente.jpg?sw=280&sh=280"
                                },
                                {
                                    "marca": "Old El Paso",
                                    "descricao": "Snacks Tortilha Chips Sabor Queijo",
                                    "preco": "2,99€",
                                    "preco_antigo": null,
                                    "quantidade": "emb. 185 gr",
                                    "precoPorQuantidade": "16,16€/kg",
                                    "link": "https://www.continente.pt/produto/snacks-tortilha-chips-sabor-queijo-old-el-paso-6043421.html?cgid=mercearias-snacks-aperitivos",
                                    "imagem": "https://www.continente.pt/dw/image/v2/BDVS_PRD/on/demandware.static/-/Sites-col-master-catalog/default/dw046d15d5/images/col/604/6043421-frente.jpg?sw=280&sh=280"
                                },
                                {
                                    "marca": "Lay's",
                                    "descricao": "Snacks 3D's Bacon",
                                    "preco": "1,65€",
                                    "preco_antigo": null,
                                    "quantidade": "emb.100 gr",
                                    "precoPorQuantidade": "16,50€/kg",
                                    "link": "https://www.continente.pt/produto/snacks-3ds-bacon-lays-7342287.html?cgid=mercearias-snacks-aperitivos",
                                    "imagem": "https://www.continente.pt/dw/image/v2/BDVS_PRD/on/demandware.static/-/Sites-col-master-catalog/default/dw42d3860e/images/col/734/7342287-frente.jpg?sw=280&sh=280"
                                },
                                {
                                    "marca": "Cheetos",
                                    "descricao": "Snacks Milho Giants Extra Queijo",
                                    "preco": "1,65€",
                                    "preco_antigo": null,
                                    "quantidade": "emb. 100 gr",
                                    "precoPorQuantidade": "16,50€/kg",
                                    "link": "https://www.continente.pt/produto/snacks-milho-giants-extra-queijo-cheetos-7329799.html?cgid=mercearias-snacks-aperitivos",
                                    "imagem": "https://www.continente.pt/dw/image/v2/BDVS_PRD/on/demandware.static/-/Sites-col-master-catalog/default/dwf7a5be0f/images/col/732/7329799-frente.jpg?sw=280&sh=280"
                                },
                                {
                                    "marca": "Rude Health",
                                    "descricao": "Cornitas de Feijão Preto",
                                    "preco": "1,49€",
                                    "preco_antigo": null,
                                    "quantidade": "emb. 90 gr",
                                    "precoPorQuantidade": "16,56€/un",
                                    "link": "https://www.continente.pt/produto/cornitas-de-feijao-preto-rude-health-6820267.html?cgid=mercearias-snacks-aperitivos",
                                    "imagem": "https://www.continente.pt/dw/image/v2/BDVS_PRD/on/demandware.static/-/Sites-col-master-catalog/default/dwe0f24f52/images/col/682/6820267-frente.jpg?sw=280&sh=280"
                                },
                                {
                                    "marca": "Gran Pavesi",
                                    "descricao": "Bolachas Crackers Folhas Clássico",
                                    "preco": "2,99€",
                                    "preco_antigo": null,
                                    "quantidade": "emb. 180 gr",
                                    "precoPorQuantidade": "16,61€/kg",
                                    "link": "https://www.continente.pt/produto/bolachas-crackers-folhas-classico-gran-pavesi-7404781.html?cgid=mercearias-snacks-aperitivos",
                                    "imagem": "https://www.continente.pt/dw/image/v2/BDVS_PRD/on/demandware.static/-/Sites-col-master-catalog/default/dwe3633884/images/col/740/7404781-frente.jpg?sw=280&sh=280"
                                },
                                {
                                    "marca": "Lay's",
                                    "descricao": "Snacks Milho 3D's Cones sem Glúten",
                                    "preco": "1,65€",
                                    "preco_antigo": null,
                                    "quantidade": "emb. 85 gr",
                                    "precoPorQuantidade": "19,41€/kg",
                                    "link": "https://www.continente.pt/produto/snacks-milho-3ds-cones-sem-gluten-lays-2727759.html?cgid=mercearias-snacks-aperitivos",
                                    "imagem": "https://www.continente.pt/dw/image/v2/BDVS_PRD/on/demandware.static/-/Sites-col-master-catalog/default/dw4eb255c4/images/col/272/2727759-frente.jpg?sw=280&sh=280"
                                },
                                {
                                    "marca": "Gran Pavesi",
                                    "descricao": "Bolachas Crackers Folha de Azeitona",
                                    "preco": "2,99€",
                                    "preco_antigo": null,
                                    "quantidade": "emb. 150 gr",
                                    "precoPorQuantidade": "19,93€/kg",
                                    "link": "https://www.continente.pt/produto/bolachas-crackers-folha-de-azeitona-gran-pavesi-7404772.html?cgid=mercearias-snacks-aperitivos",
                                    "imagem": "https://www.continente.pt/dw/image/v2/BDVS_PRD/on/demandware.static/-/Sites-col-master-catalog/default/dw9496bc8b/images/col/740/7404772-frente.jpg?sw=280&sh=280"
                                },
                                {
                                    "marca": "Gran Pavesi",
                                    "descricao": "Bolachas Crackers Folha de Milho",
                                    "preco": "2,99€",
                                    "preco_antigo": null,
                                    "quantidade": "emb. 150 gr",
                                    "precoPorQuantidade": "19,93€/kg",
                                    "link": "https://www.continente.pt/produto/bolachas-crackers-folha-de-milho-gran-pavesi-7619947.html?cgid=mercearias-snacks-aperitivos",
                                    "imagem": "https://www.continente.pt/dw/image/v2/BDVS_PRD/on/demandware.static/-/Sites-col-master-catalog/default/dw992bd158/images/col/761/7619947-direito.jpg?sw=280&sh=280"
                                },
                                {
                                    "marca": "Old El Paso",
                                    "descricao": "Snacks Tortilha Bowls Sea Salt sem Glúten",
                                    "preco": "2,99€",
                                    "preco_antigo": null,
                                    "quantidade": "emb. 150 gr",
                                    "precoPorQuantidade": "19,93€/kg",
                                    "link": "https://www.continente.pt/produto/snacks-tortilha-bowls-sea-salt-sem-gluten-old-el-paso-6911451.html?cgid=mercearias-snacks-aperitivos",
                                    "imagem": "https://www.continente.pt/dw/image/v2/BDVS_PRD/on/demandware.static/-/Sites-col-master-catalog/default/dw0832a9d7/images/col/691/6911451-frente.jpg?sw=280&sh=280"
                                },
                                {
                                    "marca": "Cheetos",
                                    "descricao": "Snacks de Milho Pandilla",
                                    "preco": "1,65€",
                                    "preco_antigo": null,
                                    "quantidade": "emb. 75 gr",
                                    "precoPorQuantidade": "22,00€/kg",
                                    "link": "https://www.continente.pt/produto/snacks-de-milho-pandilla-cheetos-2685884.html?cgid=mercearias-snacks-aperitivos",
                                    "imagem": "https://www.continente.pt/dw/image/v2/BDVS_PRD/on/demandware.static/-/Sites-col-master-catalog/default/dwac7615de/images/col/268/2685884-frente.jpg?sw=280&sh=280"
                                },
                                {
                                    "marca": "Fiorentini",
                                    "descricao": "Snack Mini de Milho e Quinoa sem Glúten Biológico",
                                    "preco": "1,19€",
                                    "preco_antigo": null,
                                    "quantidade": "emb. 50 gr",
                                    "precoPorQuantidade": "23,80€/kg",
                                    "link": "https://www.continente.pt/produto/snack-mini-de-milho-e-quinoa-sem-gluten-biologico-fiorentini-5883240.html?cgid=mercearias-snacks-aperitivos",
                                    "imagem": "https://www.continente.pt/dw/image/v2/BDVS_PRD/on/demandware.static/-/Sites-col-master-catalog/default/dw075bee34/images/col/588/5883240-direito.jpg?sw=280&sh=280"
                                },
                                {
                                    "marca": "Fiorentini",
                                    "descricao": "Snack Mini Chia sem Glúten Biológico",
                                    "preco": "1,19€",
                                    "preco_antigo": null,
                                    "quantidade": "emb. 50 gr",
                                    "precoPorQuantidade": "23,80€/kg",
                                    "link": "https://www.continente.pt/produto/snack-mini-chia-sem-gluten-biologico-fiorentini-5883238.html?cgid=mercearias-snacks-aperitivos",
                                    "imagem": "https://www.continente.pt/dw/image/v2/BDVS_PRD/on/demandware.static/-/Sites-col-master-catalog/default/dw6c2f300b/images/col/588/5883238-direito.jpg?sw=280&sh=280"
                                },
                                {
                                    "marca": "Sanzé",
                                    "descricao": "Snacks Couratos",
                                    "preco": "1,29€",
                                    "preco_antigo": null,
                                    "quantidade": "emb. 50 gr",
                                    "precoPorQuantidade": "25,80€/kg",
                                    "link": "https://www.continente.pt/produto/snacks-couratos-sanze-2168261.html?cgid=mercearias-snacks-aperitivos",
                                    "imagem": "https://www.continente.pt/dw/image/v2/BDVS_PRD/on/demandware.static/-/Sites-col-master-catalog/default/dw2d5fb66f/images/col/216/2168261-esquerdo.jpg?sw=280&sh=280"
                                },
                                {
                                    "marca": "Fiorentini",
                                    "descricao": "Snack de Arroz e Alecrim sem Glúten Biológico",
                                    "preco": "1,11€",
                                    "preco_antigo": null,
                                    "quantidade": "emb. 40 gr",
                                    "precoPorQuantidade": "27,75€/kg",
                                    "link": "https://www.continente.pt/produto/snack-de-arroz-e-alecrim-sem-gluten-biologico-fiorentini-5883254.html?cgid=mercearias-snacks-aperitivos",
                                    "imagem": "https://www.continente.pt/dw/image/v2/BDVS_PRD/on/demandware.static/-/Sites-col-master-catalog/default/dw29f091af/images/col/588/5883254-direito.jpg?sw=280&sh=280"
                                },
                                {
                                    "marca": "Lorenz",
                                    "descricao": "Snacks Monster Munch",
                                    "preco": "2,39€",
                                    "preco_antigo": null,
                                    "quantidade": "emb. 75 gr",
                                    "precoPorQuantidade": "31,87€/kg",
                                    "link": "https://www.continente.pt/produto/snacks-monster-munch-lorenz-4100970.html?cgid=mercearias-snacks-aperitivos",
                                    "imagem": "https://www.continente.pt/dw/image/v2/BDVS_PRD/on/demandware.static/-/Sites-col-master-catalog/default/dwf8989e8e/images/col/410/4100970-frente.jpg?sw=280&sh=280"
                                },
                                {
                                    "marca": "Seven Seas",
                                    "descricao": "Snack Alga Marinha Recheada com Amêndoa e Sésamo",
                                    "preco": "2,59€",
                                    "preco_antigo": null,
                                    "quantidade": "emb. 35 gr",
                                    "precoPorQuantidade": "74,00€/kg",
                                    "link": "https://www.continente.pt/produto/snack-alga-marinha-recheada-com-amendoa-e-sesamo-seven-seas-7471007.html?cgid=mercearias-snacks-aperitivos",
                                    "imagem": "https://www.continente.pt/dw/image/v2/BDVS_PRD/on/demandware.static/-/Sites-col-master-catalog/default/dw4ea305a9/images/col/747/7471007-frente-1.jpg?sw=280&sh=280"
                                },
                                {
                                    "marca": "OhSnack!",
                                    "descricao": "Snack Bites de Frango Bica Pica",
                                    "preco": "1,68€",
                                    "preco_antigo": null,
                                    "quantidade": "emb. 20 gr",
                                    "precoPorQuantidade": "84,00€/kg",
                                    "link": "https://www.continente.pt/produto/snack-bites-de-frango-bica-pica-ohsnack-7466821.html?cgid=mercearias-snacks-aperitivos",
                                    "imagem": "https://www.continente.pt/dw/image/v2/BDVS_PRD/on/demandware.static/-/Sites-col-master-catalog/default/dw6173e71c/images/col/746/7466821-frente.jpg?sw=280&sh=280"
                                },
                                {
                                    "marca": "OhSnack!",
                                    "descricao": "Snack Bites de Peru Bica Pica",
                                    "preco": "1,68€",
                                    "preco_antigo": null,
                                    "quantidade": "emb. 20 gr",
                                    "precoPorQuantidade": "84,00€/kg",
                                    "link": "https://www.continente.pt/produto/snack-bites-de-peru-bica-pica-ohsnack-7466831.html?cgid=mercearias-snacks-aperitivos",
                                    "imagem": "https://www.continente.pt/dw/image/v2/BDVS_PRD/on/demandware.static/-/Sites-col-master-catalog/default/dwa3ebd902/images/col/746/7466831-frente.jpg?sw=280&sh=280"
                                },
                                {
                                    "marca": "OhSnack!",
                                    "descricao": "Snack Chips de Frango Bica Pica",
                                    "preco": "1,78€",
                                    "preco_antigo": null,
                                    "quantidade": "emb. 20 gr",
                                    "precoPorQuantidade": "89,00€/kg",
                                    "link": "https://www.continente.pt/produto/snack-chips-de-frango-bica-pica-ohsnack-7466835.html?cgid=mercearias-snacks-aperitivos",
                                    "imagem": "https://www.continente.pt/dw/image/v2/BDVS_PRD/on/demandware.static/-/Sites-col-master-catalog/default/dw2edc7d24/images/col/746/7466835-frente.jpg?sw=280&sh=280"
                                },
                                {
                                    "marca": "OhSnack!",
                                    "descricao": "Snack Chips de Peru Bica Pica",
                                    "preco": "1,78€",
                                    "preco_antigo": null,
                                    "quantidade": "emb. 20 gr",
                                    "precoPorQuantidade": "89,00€/kg",
                                    "link": "https://www.continente.pt/produto/snack-chips-de-peru-bica-pica-ohsnack-7466836.html?cgid=mercearias-snacks-aperitivos",
                                    "imagem": "https://www.continente.pt/dw/image/v2/BDVS_PRD/on/demandware.static/-/Sites-col-master-catalog/default/dwecd6c1c5/images/col/746/7466836-frente.jpg?sw=280&sh=280"
                                },
                                {
                                    "marca": "Portugal Bugs",
                                    "descricao": "Snack Tenebrio Molitor Desidratado com Sal Marinho",
                                    "preco": "4,49€",
                                    "preco_antigo": null,
                                    "quantidade": "emb. 15 gr",
                                    "precoPorQuantidade": "299,33€/kg",
                                    "link": "https://www.continente.pt/produto/snack-tenebrio-molitor-desidratado-com-sal-marinho-portugal-bugs-7443388.html?cgid=mercearias-snacks-aperitivos",
                                    "imagem": "https://www.continente.pt/dw/image/v2/BDVS_PRD/on/demandware.static/-/Sites-col-master-catalog/default/dwd4ea85bb/images/col/744/7443388-frente.jpg?sw=280&sh=280"
                                },
                                {
                                    "marca": "Portugal Bugs",
                                    "descricao": "Snack Grilos Salgadinhos",
                                    "preco": "4,49€",
                                    "preco_antigo": null,
                                    "quantidade": "emb. 12 gr",
                                    "precoPorQuantidade": "374,17€/kg",
                                    "link": "https://www.continente.pt/produto/snack-grilos-salgadinhos-portugal-bugs-7612819.html?cgid=mercearias-snacks-aperitivos",
                                    "imagem": "https://www.continente.pt/dw/image/v2/BDVS_PRD/on/demandware.static/-/Sites-col-master-catalog/default/dwd9155662/images/col/761/7612819-frente.jpg?sw=280&sh=280"
                                },
                                {
                                    "marca": "Portugal Bugs",
                                    "descricao": "Snack Grilos Tomilho e Pimenta",
                                    "preco": "4,49€",
                                    "preco_antigo": null,
                                    "quantidade": "emb. 12 gr",
                                    "precoPorQuantidade": "374,17€/kg",
                                    "link": "https://www.continente.pt/produto/snack-grilos-tomilho-e-pimenta-portugal-bugs-7612820.html?cgid=mercearias-snacks-aperitivos",
                                    "imagem": "https://www.continente.pt/dw/image/v2/BDVS_PRD/on/demandware.static/-/Sites-col-master-catalog/default/dwb8461837/images/col/761/7612820-frente.jpg?sw=280&sh=280"
                                },
                                {
                                    "marca": "Portugal Bugs",
                                    "descricao": "Snack Grilos Tomate e Oregãos",
                                    "preco": "4,49€",
                                    "preco_antigo": null,
                                    "quantidade": "emb. 12 gr",
                                    "precoPorQuantidade": "374,17€/kg",
                                    "link": "https://www.continente.pt/produto/snack-grilos-tomate-e-oregaos-portugal-bugs-7612821.html?cgid=mercearias-snacks-aperitivos",
                                    "imagem": "https://www.continente.pt/dw/image/v2/BDVS_PRD/on/demandware.static/-/Sites-col-master-catalog/default/dwef6eb6e8/images/col/761/7612821-frente.jpg?sw=280&sh=280"
                                }
                            ]
                        },
                        {
                            "name": "Pipocas",
                            "items": [
                                {
                                    "marca": "Continente",
                                    "descricao": "Milho para Pipocas",
                                    "preco": "0,32€",
                                    "preco_antigo": null,
                                    "quantidade": "emb. 250 gr",
                                    "precoPorQuantidade": "1,28€/kg",
                                    "link": "https://www.continente.pt/produto/milho-para-pipocas-continente-2149368.html?cgid=mercearias-snacks-pipocas",
                                    "imagem": "https://www.continente.pt/dw/image/v2/BDVS_PRD/on/demandware.static/-/Sites-col-master-catalog/default/dw9d66165e/images/col/214/2149368-hero.jpg?sw=280&sh=280"
                                },
                                {
                                    "marca": "Continente",
                                    "descricao": "Pipocas Salgadas Micro-ondas",
                                    "preco": "0,99€",
                                    "preco_antigo": null,
                                    "quantidade": "emb. 3 x 100 gr",
                                    "precoPorQuantidade": "3,30€/kg",
                                    "link": "https://www.continente.pt/produto/pipocas-salgadas-micro-ondas-continente-4322691.html?cgid=mercearias-snacks-pipocas",
                                    "imagem": "https://www.continente.pt/dw/image/v2/BDVS_PRD/on/demandware.static/-/Sites-col-master-catalog/default/dw9a31870c/images/col/432/4322691-hero.jpg?sw=280&sh=280"
                                },
                                {
                                    "marca": "Continente",
                                    "descricao": "Pipocas Doce Micro-ondas",
                                    "preco": "0,99€",
                                    "preco_antigo": null,
                                    "quantidade": "emb. 3 x 100 gr",
                                    "precoPorQuantidade": "3,30€/kg",
                                    "link": "https://www.continente.pt/produto/pipocas-doce-micro-ondas-continente-4322683.html?cgid=mercearias-snacks-pipocas",
                                    "imagem": "https://www.continente.pt/dw/image/v2/BDVS_PRD/on/demandware.static/-/Sites-col-master-catalog/default/dw2a46d2dc/images/col/432/4322683-hero.jpg?sw=280&sh=280"
                                },
                                {
                                    "marca": "Cimarrom",
                                    "descricao": "Milho para Pipocas",
                                    "preco": "1,39€",
                                    "preco_antigo": null,
                                    "quantidade": "emb. 400 gr",
                                    "precoPorQuantidade": "3,48€/kg",
                                    "link": "https://www.continente.pt/produto/milho-para-pipocas-cimarrom-4968421.html?cgid=mercearias-snacks-pipocas",
                                    "imagem": "https://www.continente.pt/dw/image/v2/BDVS_PRD/on/demandware.static/-/Sites-col-master-catalog/default/dwbfbfc45a/images/col/496/4968421-frente.jpg?sw=280&sh=280"
                                },
                                {
                                    "marca": "Continente",
                                    "descricao": "Pipocas Doce Pack Poupança",
                                    "preco": "0,85€",
                                    "preco_antigo": null,
                                    "quantidade": "emb. 200 gr",
                                    "precoPorQuantidade": "4,25€/kg",
                                    "link": "https://www.continente.pt/produto/pipocas-doce-pack-poupanca-continente-7387006.html?cgid=mercearias-snacks-pipocas",
                                    "imagem": "https://www.continente.pt/dw/image/v2/BDVS_PRD/on/demandware.static/-/Sites-col-master-catalog/default/dw6105dd69/images/col/738/7387006-frente.jpg?sw=280&sh=280"
                                },
                                {
                                    "marca": "Continente",
                                    "descricao": "Pipocas Doce",
                                    "preco": "0,85€",
                                    "preco_antigo": null,
                                    "quantidade": "emb. 150 gr",
                                    "precoPorQuantidade": "5,67€/kg",
                                    "link": "https://www.continente.pt/produto/pipocas-doce-continente-6587093.html?cgid=mercearias-snacks-pipocas",
                                    "imagem": "https://www.continente.pt/dw/image/v2/BDVS_PRD/on/demandware.static/-/Sites-col-master-catalog/default/dw19c2155b/images/col/658/6587093-hero.jpg?sw=280&sh=280"
                                },
                                {
                                    "marca": "Spop",
                                    "descricao": "Pipocas Doce",
                                    "preco": "0,96€",
                                    "preco_antigo": null,
                                    "quantidade": "emb. 150 gr",
                                    "precoPorQuantidade": "€6,40€/kg",
                                    "link": "https://www.continente.pt/produto/pipocas-doce-spop-6512337.html?cgid=mercearias-snacks-pipocas",
                                    "imagem": "https://www.continente.pt/dw/image/v2/BDVS_PRD/on/demandware.static/-/Sites-col-master-catalog/default/dw63f6bf2e/images/col/651/6512337-frente.jpg?sw=280&sh=280"
                                },
                                {
                                    "marca": "Continente",
                                    "descricao": "Pipocas Doce Canela",
                                    "preco": "0,99€",
                                    "preco_antigo": null,
                                    "quantidade": "emb. 150 gr",
                                    "precoPorQuantidade": "6,60€/kg",
                                    "link": "https://www.continente.pt/produto/pipocas-doce-canela-continente-7161980.html?cgid=mercearias-snacks-pipocas",
                                    "imagem": "https://www.continente.pt/dw/image/v2/BDVS_PRD/on/demandware.static/-/Sites-col-master-catalog/default/dw6c9fe47c/images/col/716/7161980-hero.jpg?sw=280&sh=280"
                                },
                                {
                                    "marca": "Continente",
                                    "descricao": "Pipocas Doce Coloridas",
                                    "preco": "0,79€",
                                    "preco_antigo": null,
                                    "quantidade": "emb. 100 gr",
                                    "precoPorQuantidade": "7,90€/kg",
                                    "link": "https://www.continente.pt/produto/pipocas-doce-coloridas-continente-5017299.html?cgid=mercearias-snacks-pipocas",
                                    "imagem": "https://www.continente.pt/dw/image/v2/BDVS_PRD/on/demandware.static/-/Sites-col-master-catalog/default/dw6f206bad/images/col/501/5017299-frente.jpg?sw=280&sh=280"
                                },
                                {
                                    "marca": "Continente",
                                    "descricao": "Pipocas Caramelizadas Salgadas",
                                    "preco": "1,19€",
                                    "preco_antigo": null,
                                    "quantidade": "emb. 150 gr",
                                    "precoPorQuantidade": "7,93€/kg",
                                    "link": "https://www.continente.pt/produto/pipocas-caramelizadas-salgadas-continente-7285936.html?cgid=mercearias-snacks-pipocas",
                                    "imagem": "https://www.continente.pt/dw/image/v2/BDVS_PRD/on/demandware.static/-/Sites-col-master-catalog/default/dw27d08951/images/col/728/7285936-frente.jpg?sw=280&sh=280"
                                },
                                {
                                    "marca": "Continente",
                                    "descricao": "Pipocas Salgadas",
                                    "preco": "0,79€",
                                    "preco_antigo": null,
                                    "quantidade": "emb. 90 gr",
                                    "precoPorQuantidade": "8,78€/kg",
                                    "link": "https://www.continente.pt/produto/pipocas-salgadas-continente-7440253.html?cgid=mercearias-snacks-pipocas",
                                    "imagem": "https://www.continente.pt/dw/image/v2/BDVS_PRD/on/demandware.static/-/Sites-col-master-catalog/default/dwbd109729/images/col/744/7440253-cima.jpg?sw=280&sh=280"
                                },
                                {
                                    "marca": "Bop",
                                    "descricao": "Pipocas Salgadas Micro-ondas",
                                    "preco": "0,99€",
                                    "preco_antigo": null,
                                    "quantidade": "emb. 90 gr",
                                    "precoPorQuantidade": "11,00€/kg",
                                    "link": "https://www.continente.pt/produto/pipocas-salgadas-micro-ondas-bop-7191249.html?cgid=mercearias-snacks-pipocas",
                                    "imagem": "https://www.continente.pt/dw/image/v2/BDVS_PRD/on/demandware.static/-/Sites-col-master-catalog/default/dw436d9174/images/col/719/7191249-frente.jpg?sw=280&sh=280"
                                },
                                {
                                    "marca": "Bop",
                                    "descricao": "Pipocas Doces Micro-ondas",
                                    "preco": "0,99€",
                                    "preco_antigo": null,
                                    "quantidade": "emb. 90 gr",
                                    "precoPorQuantidade": "11,00€/kg",
                                    "link": "https://www.continente.pt/produto/pipocas-doces-micro-ondas-bop-7191257.html?cgid=mercearias-snacks-pipocas",
                                    "imagem": "https://www.continente.pt/dw/image/v2/BDVS_PRD/on/demandware.static/-/Sites-col-master-catalog/default/dw876ed17d/images/col/719/7191257-frente.jpg?sw=280&sh=280"
                                },
                                {
                                    "marca": "Bop",
                                    "descricao": "Pipocas Manteiga Micro-ondas",
                                    "preco": "0,99€",
                                    "preco_antigo": null,
                                    "quantidade": "emb. 90 gr",
                                    "precoPorQuantidade": "11,00€/kg",
                                    "link": "https://www.continente.pt/produto/pipocas-manteiga-micro-ondas-bop-7191252.html?cgid=mercearias-snacks-pipocas",
                                    "imagem": "https://www.continente.pt/dw/image/v2/BDVS_PRD/on/demandware.static/-/Sites-col-master-catalog/default/dw4c11619c/images/col/719/7191252-frente.jpg?sw=280&sh=280"
                                },
                                {
                                    "marca": "Popz",
                                    "descricao": "Pipocas Doce Micro-ondas",
                                    "preco": "2,99€",
                                    "preco_antigo": null,
                                    "quantidade": "emb. 3 x 90 gr",
                                    "precoPorQuantidade": "11,07€/kg",
                                    "link": "https://www.continente.pt/produto/pipocas-doce-micro-ondas-popz-5873840.html?cgid=mercearias-snacks-pipocas",
                                    "imagem": "https://www.continente.pt/dw/image/v2/BDVS_PRD/on/demandware.static/-/Sites-col-master-catalog/default/dw30b382ac/images/col/587/5873840-esquerdo.jpg?sw=280&sh=280"
                                },
                                {
                                    "marca": "Continente",
                                    "descricao": "Pipocas Doce Balde",
                                    "preco": "3,99€",
                                    "preco_antigo": null,
                                    "quantidade": "emb. 340 gr",
                                    "precoPorQuantidade": "11,74€/kg",
                                    "link": "https://www.continente.pt/produto/pipocas-doce-balde-continente-6639201.html?cgid=mercearias-snacks-pipocas",
                                    "imagem": "https://www.continente.pt/dw/image/v2/BDVS_PRD/on/demandware.static/-/Sites-col-master-catalog/default/dw48e0ef6f/images/col/663/6639201-frente.jpg?sw=280&sh=280"
                                },
                                {
                                    "marca": "Continente",
                                    "descricao": "Pipocas Doce Balde",
                                    "preco": "2,89€",
                                    "preco_antigo": null,
                                    "quantidade": "emb. 240 gr",
                                    "precoPorQuantidade": "12,04€/kg",
                                    "link": "https://www.continente.pt/produto/pipocas-doce-balde-continente-6639164.html?cgid=mercearias-snacks-pipocas",
                                    "imagem": "https://www.continente.pt/dw/image/v2/BDVS_PRD/on/demandware.static/-/Sites-col-master-catalog/default/dw2ff8fd3d/images/col/663/6639164-hero.jpg?sw=280&sh=280"
                                },
                                {
                                    "marca": "Jerónimo Valente",
                                    "descricao": "Pipocas Doces Gourmet Maria Pipoca",
                                    "preco": "2,99€",
                                    "preco_antigo": null,
                                    "quantidade": "emb. 240 gr",
                                    "precoPorQuantidade": "12,46€/kg",
                                    "link": "https://www.continente.pt/produto/pipocas-doces-gourmet-maria-pipoca-jeronimo-valente-7191208.html?cgid=mercearias-snacks-pipocas",
                                    "imagem": "https://www.continente.pt/dw/image/v2/BDVS_PRD/on/demandware.static/-/Sites-col-master-catalog/default/dw5c4e4b34/images/col/719/7191208-frente.jpg?sw=280&sh=280"
                                },
                                {
                                    "marca": "Continente",
                                    "descricao": "Pipocas Cobertas com Chocolate",
                                    "preco": "1,59€",
                                    "preco_antigo": null,
                                    "quantidade": "emb. 125 gr",
                                    "precoPorQuantidade": "12,72€/kg",
                                    "link": "https://www.continente.pt/produto/pipocas-cobertas-com-chocolate-continente-7447232.html?cgid=mercearias-snacks-pipocas",
                                    "imagem": "https://www.continente.pt/dw/image/v2/BDVS_PRD/on/demandware.static/-/Sites-col-master-catalog/default/dw65d3daa1/images/col/744/7447232-frente.jpg?sw=280&sh=280"
                                },
                                {
                                    "marca": "Popz",
                                    "descricao": "Pipocas Doce Micro-ondas",
                                    "preco": "1,99€",
                                    "preco_antigo": null,
                                    "quantidade": "emb. 4 x 32 gr",
                                    "precoPorQuantidade": "15,55€/kg",
                                    "link": "https://www.continente.pt/produto/pipocas-doce-micro-ondas-popz-6976140.html?cgid=mercearias-snacks-pipocas",
                                    "imagem": "https://www.continente.pt/dw/image/v2/BDVS_PRD/on/demandware.static/-/Sites-col-master-catalog/default/dw0be6c9ff/images/col/697/6976140-esquerdo.jpg?sw=280&sh=280"
                                }
                            ]
                        }
                    ]
                }
            ]
        },
        {
            "name": "Refeições Fáceis",
            "items": [
                {
                    "name": "Entradas e Salgados",
                    "items": [
                        {
                            "name": "Salgados",
                            "items": [
                                {
                                    "marca": "Continente",
                                    "descricao": "Coxinha de Frango",
                                    "preco": "0,69€",
                                    "preco_antigo": null,
                                    "quantidade": "Quant. Mínima = 4 un",
                                    "precoPorQuantidade": "8,85€/kg",
                                    "link": "https://www.continente.pt/produto/coxinha-de-frango-continente-5630043.html?cgid=refeicoes-faceis-entradas-salgados-rissois",
                                    "imagem": "https://www.continente.pt/dw/image/v2/BDVS_PRD/on/demandware.static/-/Sites-col-master-catalog/default/dw31b31b0b/images/col/563/5630043-frente.jpg?sw=280&sh=280"
                                },
                                {
                                    "marca": "Continente",
                                    "descricao": "Rissóis de Leitão",
                                    "preco": "0,89€",
                                    "preco_antigo": null,
                                    "quantidade": "Quant. Mínima = 4 un",
                                    "precoPorQuantidade": "9,89€/kg",
                                    "link": "https://www.continente.pt/produto/rissois-de-leitao-continente-5309144.html?cgid=refeicoes-faceis-entradas-salgados-rissois",
                                    "imagem": "https://www.continente.pt/dw/image/v2/BDVS_PRD/on/demandware.static/-/Sites-col-master-catalog/default/dwdd7bc610/images/col/530/5309144-frente.jpg?sw=280&sh=280"
                                },
                                {
                                    "marca": "Continente Fácil & Bom",
                                    "descricao": "Mini Rissóis de Carne Pré-Fritos",
                                    "preco": "5,99€",
                                    "preco_antigo": null,
                                    "quantidade": "emb. 600 gr",
                                    "precoPorQuantidade": "9,98€/kg",
                                    "link": "https://www.continente.pt/produto/mini-rissois-de-carne-pre-fritos-continente-facil-bom-6713159.html?cgid=refeicoes-faceis-entradas-salgados-rissois",
                                    "imagem": "https://www.continente.pt/dw/image/v2/BDVS_PRD/on/demandware.static/-/Sites-col-master-catalog/default/dw66de4139/images/col/671/6713159-hero.jpg?sw=280&sh=280"
                                },
                                {
                                    "marca": "Continente Fácil & Bom",
                                    "descricao": "Mini Rissóis de Camarão Pré-Fritos",
                                    "preco": "5,99€",
                                    "preco_antigo": null,
                                    "quantidade": "emb. 600 gr",
                                    "precoPorQuantidade": "9,98€/kg",
                                    "link": "https://www.continente.pt/produto/mini-rissois-de-camarao-pre-fritos-continente-facil-bom-6713125.html?cgid=refeicoes-faceis-entradas-salgados-rissois",
                                    "imagem": "https://www.continente.pt/dw/image/v2/BDVS_PRD/on/demandware.static/-/Sites-col-master-catalog/default/dw8f91b593/images/col/671/6713125-hero.jpg?sw=280&sh=280"
                                },
                                {
                                    "marca": "Continente",
                                    "descricao": "Rissóis de Carne",
                                    "preco": "0,69€",
                                    "preco_antigo": null,
                                    "quantidade": "Quant. Mínima = 4 un",
                                    "precoPorQuantidade": "11,50€/kg",
                                    "link": "https://www.continente.pt/produto/rissois-de-carne-continente-2907953.html?cgid=refeicoes-faceis-entradas-salgados-rissois",
                                    "imagem": "https://www.continente.pt/dw/image/v2/BDVS_PRD/on/demandware.static/-/Sites-col-master-catalog/default/dwf5c3a415/images/col/290/2907953-frente.jpg?sw=280&sh=280"
                                },
                                {
                                    "marca": "Continente",
                                    "descricao": "Croquete 100% Carne de Bovino",
                                    "preco": "0,69€",
                                    "preco_antigo": null,
                                    "quantidade": "Quant. Mínima = 4 un",
                                    "precoPorQuantidade": "11,50€/kg",
                                    "link": "https://www.continente.pt/produto/croquete-100--carne-de-bovino-continente-6936891.html?cgid=refeicoes-faceis-entradas-salgados-rissois",
                                    "imagem": "https://www.continente.pt/dw/image/v2/BDVS_PRD/on/demandware.static/-/Sites-col-master-catalog/default/dwb04f6ec3/images/col/693/6936891-frente.jpg?sw=280&sh=280"
                                },
                                {
                                    "marca": "Continente",
                                    "descricao": "Rissóis de Camarão",
                                    "preco": "0,69€",
                                    "preco_antigo": null,
                                    "quantidade": "Quant. Mínima = 4 un",
                                    "precoPorQuantidade": "11,50€/kg",
                                    "link": "https://www.continente.pt/produto/rissois-de-camarao-continente-2907920.html?cgid=refeicoes-faceis-entradas-salgados-rissois",
                                    "imagem": "https://www.continente.pt/dw/image/v2/BDVS_PRD/on/demandware.static/-/Sites-col-master-catalog/default/dw3bef8f37/images/col/290/2907920-frente.jpg?sw=280&sh=280"
                                },
                                {
                                    "marca": "Continente Fácil & Bom",
                                    "descricao": "Mini Pastéis de Bacalhau e Rissóis de Camarão Pré-Fritos",
                                    "preco": "6,99€",
                                    "preco_antigo": null,
                                    "quantidade": "emb. 600 gr",
                                    "precoPorQuantidade": "11,65€/kg",
                                    "link": "https://www.continente.pt/produto/mini-pasteis-de-bacalhau-e-rissois-de-camarao-pre-fritos-continente-facil-bom-5595752.html?cgid=refeicoes-faceis-entradas-salgados-rissois",
                                    "imagem": "https://www.continente.pt/dw/image/v2/BDVS_PRD/on/demandware.static/-/Sites-col-master-catalog/default/dw300c3544/images/col/559/5595752-hero.jpg?sw=280&sh=280"
                                },
                                {
                                    "marca": "Continente Fácil & Bom",
                                    "descricao": "Mini Rissóis e Croquetes de Carne Pré-Fritos",
                                    "preco": "6,99€",
                                    "preco_antigo": null,
                                    "quantidade": "emb. 600 gr",
                                    "precoPorQuantidade": "11,65€/kg",
                                    "link": "https://www.continente.pt/produto/mini-rissois-e-croquetes-de-carne-pre-fritos-continente-facil-bom-5595726.html?cgid=refeicoes-faceis-entradas-salgados-rissois",
                                    "imagem": "https://www.continente.pt/dw/image/v2/BDVS_PRD/on/demandware.static/-/Sites-col-master-catalog/default/dwf7f0f127/images/col/559/5595726-cima.jpg?sw=280&sh=280"
                                },
                                {
                                    "marca": "Continente Fácil & Bom",
                                    "descricao": "Mini Pastéis de Bacalhau Pré-Fritos",
                                    "preco": "5,99€",
                                    "preco_antigo": null,
                                    "quantidade": "emb. 500 gr",
                                    "precoPorQuantidade": "11,98€/kg",
                                    "link": "https://www.continente.pt/produto/mini-pasteis-de-bacalhau-pre-fritos-continente-facil-bom-6763228.html?cgid=refeicoes-faceis-entradas-salgados-rissois",
                                    "imagem": "https://www.continente.pt/dw/image/v2/BDVS_PRD/on/demandware.static/-/Sites-col-master-catalog/default/dw11ef13c7/images/col/676/6763228-hero.jpg?sw=280&sh=280"
                                },
                                {
                                    "marca": "Continente",
                                    "descricao": "Patanisca de Bacalhau",
                                    "preco": "1,04€",
                                    "preco_antigo": null,
                                    "quantidade": "Quant. Mínima = 2 un",
                                    "precoPorQuantidade": "13,00€/kg",
                                    "link": "https://www.continente.pt/produto/patanisca-de-bacalhau-continente-6849061.html?cgid=refeicoes-faceis-entradas-salgados-rissois",
                                    "imagem": "https://www.continente.pt/dw/image/v2/BDVS_PRD/on/demandware.static/-/Sites-col-master-catalog/default/dw82959064/images/col/684/6849061-frente.jpg?sw=280&sh=280"
                                },
                                {
                                    "marca": "Continente",
                                    "descricao": "Croquete de Espinafres",
                                    "preco": "0,69€",
                                    "preco_antigo": null,
                                    "quantidade": "Quant. Mínima = 4 un",
                                    "precoPorQuantidade": "14,38€/kg",
                                    "link": "https://www.continente.pt/produto/croquete-de-espinafres-continente-7241228.html?cgid=refeicoes-faceis-entradas-salgados-rissois",
                                    "imagem": "https://www.continente.pt/dw/image/v2/BDVS_PRD/on/demandware.static/-/Sites-col-master-catalog/default/dwfb58a745/images/col/724/7241228-frente.jpg?sw=280&sh=280"
                                },
                                {
                                    "marca": "Continente",
                                    "descricao": "Pastel de Bacalhau",
                                    "preco": "0,75€",
                                    "preco_antigo": null,
                                    "quantidade": "Quant. Mínima = 4 un",
                                    "precoPorQuantidade": "15,31€/kg",
                                    "link": "https://www.continente.pt/produto/pastel-de-bacalhau-continente-5453638.html?cgid=refeicoes-faceis-entradas-salgados-rissois",
                                    "imagem": "https://www.continente.pt/dw/image/v2/BDVS_PRD/on/demandware.static/-/Sites-col-master-catalog/default/dw01b30acb/images/col/545/5453638-frente.jpg?sw=280&sh=280"
                                },
                                {
                                    "marca": "Continente",
                                    "descricao": "Mini Pastel de Bacalhau",
                                    "preco": "0,39€",
                                    "preco_antigo": null,
                                    "quantidade": "Quant. Mínima = 8 un",
                                    "precoPorQuantidade": "15,60€/kg",
                                    "link": "https://www.continente.pt/produto/mini-pastel-de-bacalhau-continente-6779764.html?cgid=refeicoes-faceis-entradas-salgados-rissois",
                                    "imagem": "https://www.continente.pt/dw/image/v2/BDVS_PRD/on/demandware.static/-/Sites-col-master-catalog/default/dwb9cbbda2/images/col/677/6779764-frente.jpg?sw=280&sh=280"
                                },
                                {
                                    "marca": "Continente",
                                    "descricao": "Chamuças",
                                    "preco": "0,69€",
                                    "preco_antigo": null,
                                    "quantidade": "Quant. Mínima = 4 un",
                                    "precoPorQuantidade": "17,25€/kg",
                                    "link": "https://www.continente.pt/produto/chamucas-continente-2907947.html?cgid=refeicoes-faceis-entradas-salgados-rissois",
                                    "imagem": "https://www.continente.pt/dw/image/v2/BDVS_PRD/on/demandware.static/-/Sites-col-master-catalog/default/dw64a8ca42/images/col/290/2907947-frente.jpg?sw=280&sh=280"
                                },
                                {
                                    "marca": "Continente",
                                    "descricao": "Mini Rissol de Camarão",
                                    "preco": "0,39€",
                                    "preco_antigo": null,
                                    "quantidade": "Quant. Mínima = 8 un",
                                    "precoPorQuantidade": "17,73€/kg",
                                    "link": "https://www.continente.pt/produto/mini-rissol-de-camarao-continente-6779613.html?cgid=refeicoes-faceis-entradas-salgados-rissois",
                                    "imagem": "https://www.continente.pt/dw/image/v2/BDVS_PRD/on/demandware.static/-/Sites-col-master-catalog/default/dw6dcbcfe6/images/col/677/6779613-frente.jpg?sw=280&sh=280"
                                },
                                {
                                    "marca": "Continente",
                                    "descricao": "Mini Rissol de Carne",
                                    "preco": "0,39€",
                                    "preco_antigo": null,
                                    "quantidade": "Quant. Mínima = 8 un",
                                    "precoPorQuantidade": "17,73€/kg",
                                    "link": "https://www.continente.pt/produto/mini-rissol-de-carne-continente-6779746.html?cgid=refeicoes-faceis-entradas-salgados-rissois",
                                    "imagem": "https://www.continente.pt/dw/image/v2/BDVS_PRD/on/demandware.static/-/Sites-col-master-catalog/default/dw410ce73c/images/col/677/6779746-cima.jpg?sw=280&sh=280"
                                },
                                {
                                    "marca": "Continente",
                                    "descricao": "Mini Croquete de Carne",
                                    "preco": "0,39€",
                                    "preco_antigo": null,
                                    "quantidade": "Quant. Mínima = 8 un",
                                    "precoPorQuantidade": "19,50€/kg",
                                    "link": "https://www.continente.pt/produto/mini-croquete-de-carne-continente-6976185.html?cgid=refeicoes-faceis-entradas-salgados-rissois",
                                    "imagem": "https://www.continente.pt/dw/image/v2/BDVS_PRD/on/demandware.static/-/Sites-col-master-catalog/default/dw2792f1a4/images/col/697/6976185-frente.jpg?sw=280&sh=280"
                                }
                            ]
                        },
                        {
                            "name": "Panados, Quiches e Folhados",
                            "items": [
                                {
                                    "marca": "",
                                    "descricao": "Febras de Porco Panadas",
                                    "preco": "10,99€",
                                    "preco_antigo": null,
                                    "quantidade": "Quant. Mínima = 200 gr (2 un)",
                                    "precoPorQuantidade": "1,10€/un",
                                    "link": "https://www.continente.pt/produto/febras-de-porco-panadas-2907934.html?cgid=refeicoes-faceis-entradas-salgados-crepes",
                                    "imagem": "https://www.continente.pt/dw/image/v2/BDVS_PRD/on/demandware.static/-/Sites-col-master-catalog/default/dwaba6b082/images/col/290/2907934-frente.jpg?sw=280&sh=280"
                                },
                                {
                                    "marca": "Revolugreen",
                                    "descricao": "Tortilha Vegana",
                                    "preco": "1,35€",
                                    "preco_antigo": null,
                                    "quantidade": "emb. 200 gr",
                                    "precoPorQuantidade": "1,35€/un",
                                    "link": "https://www.continente.pt/produto/tortilha-vegana-revolugreen-7463254.html?cgid=refeicoes-faceis-entradas-salgados-crepes",
                                    "imagem": "https://www.continente.pt/dw/image/v2/BDVS_PRD/on/demandware.static/-/Sites-col-master-catalog/default/dw75a2e472/images/col/746/7463254-frente.jpg?sw=280&sh=280"
                                },
                                {
                                    "marca": "Continente Fácil & Bom",
                                    "descricao": "Tortilha de Batata com Cebola",
                                    "preco": "2,29€",
                                    "preco_antigo": null,
                                    "quantidade": "emb. 500 gr",
                                    "precoPorQuantidade": "4,58€/kg",
                                    "link": "https://www.continente.pt/produto/tortilha-de-batata-com-cebola-continente-facil-bom-7431649.html?cgid=refeicoes-faceis-entradas-salgados-crepes",
                                    "imagem": "https://www.continente.pt/dw/image/v2/BDVS_PRD/on/demandware.static/-/Sites-col-master-catalog/default/dwd2e9ad5b/images/col/743/7431649-frente.jpg?sw=280&sh=280"
                                },
                                {
                                    "marca": "Continente",
                                    "descricao": "Quiche de Legumes",
                                    "preco": "6,69€",
                                    "preco_antigo": null,
                                    "quantidade": "emb. 1 kg",
                                    "precoPorQuantidade": "6,69€/kg",
                                    "link": "https://www.continente.pt/produto/quiche-de-legumes-continente-7066076.html?cgid=refeicoes-faceis-entradas-salgados-crepes",
                                    "imagem": "https://www.continente.pt/dw/image/v2/BDVS_PRD/on/demandware.static/-/Sites-col-master-catalog/default/dw4900b6ac/images/col/706/7066076-frente.jpg?sw=280&sh=280"
                                },
                                {
                                    "marca": "Continente",
                                    "descricao": "Quiche de Frango",
                                    "preco": "6,69€",
                                    "preco_antigo": null,
                                    "quantidade": "emb. 1 kg",
                                    "precoPorQuantidade": "6,69€/kg",
                                    "link": "https://www.continente.pt/produto/quiche-de-frango-continente-7066072.html?cgid=refeicoes-faceis-entradas-salgados-crepes",
                                    "imagem": "https://www.continente.pt/dw/image/v2/BDVS_PRD/on/demandware.static/-/Sites-col-master-catalog/default/dwcc77e532/images/col/706/7066072-frente.jpg?sw=280&sh=280"
                                },
                                {
                                    "marca": "Continente",
                                    "descricao": "Quiche de Queijo e Fiambre",
                                    "preco": "6,69€",
                                    "preco_antigo": null,
                                    "quantidade": "Quant. Mínima = 2 un",
                                    "precoPorQuantidade": "6,69€/kg",
                                    "link": "https://www.continente.pt/produto/quiche-de-queijo-e-fiambre-continente-7066082.html?cgid=refeicoes-faceis-entradas-salgados-crepes",
                                    "imagem": "https://www.continente.pt/dw/image/v2/BDVS_PRD/on/demandware.static/-/Sites-col-master-catalog/default/dw63c4602e/images/col/706/7066082-cima.jpg?sw=280&sh=280"
                                },
                                {
                                    "marca": "Continente",
                                    "descricao": "Fatia de Quiche de Frango",
                                    "preco": "1,69€",
                                    "preco_antigo": null,
                                    "quantidade": "1 fatia = 250 gr",
                                    "precoPorQuantidade": "6,76€/kg",
                                    "link": "https://www.continente.pt/produto/fatia-de-quiche-de-frango-continente-7029626.html?cgid=refeicoes-faceis-entradas-salgados-crepes",
                                    "imagem": "https://www.continente.pt/dw/image/v2/BDVS_PRD/on/demandware.static/-/Sites-col-master-catalog/default/dw4d91a3a6/images/col/702/7029626-cima.jpg?sw=280&sh=280"
                                },
                                {
                                    "marca": "Continente",
                                    "descricao": "Fatia de Quiche de Queijo e Fiambre",
                                    "preco": "1,69€",
                                    "preco_antigo": null,
                                    "quantidade": "1 fatia = 250 gr",
                                    "precoPorQuantidade": "€6,76€/kg",
                                    "link": "https://www.continente.pt/produto/fatia-de-quiche-de-queijo-e-fiambre-continente-7029635.html?cgid=refeicoes-faceis-entradas-salgados-crepes",
                                    "imagem": "https://www.continente.pt/dw/image/v2/BDVS_PRD/on/demandware.static/-/Sites-col-master-catalog/default/dw2d04da54/images/col/702/7029635-cima.jpg?sw=280&sh=280"
                                },
                                {
                                    "marca": "Continente",
                                    "descricao": "Fatia de Quiche de Legumes",
                                    "preco": "1,69€",
                                    "preco_antigo": null,
                                    "quantidade": "1 fatia = 250 gr",
                                    "precoPorQuantidade": "6,76€/kg",
                                    "link": "https://www.continente.pt/produto/fatia-de-quiche-de-legumes-continente-7029630.html?cgid=refeicoes-faceis-entradas-salgados-crepes",
                                    "imagem": "https://www.continente.pt/dw/image/v2/BDVS_PRD/on/demandware.static/-/Sites-col-master-catalog/default/dwf62aa016/images/col/702/7029630-cima.jpg?sw=280&sh=280"
                                },
                                {
                                    "marca": "Continente",
                                    "descricao": "Piadina Mexicana",
                                    "preco": "1,09€",
                                    "preco_antigo": null,
                                    "quantidade": "Quant. Mínima = 2 un",
                                    "precoPorQuantidade": "9,08€/kg",
                                    "link": "https://www.continente.pt/produto/piadina-mexicana-continente-6187960.html?cgid=refeicoes-faceis-entradas-salgados-crepes",
                                    "imagem": "https://www.continente.pt/dw/image/v2/BDVS_PRD/on/demandware.static/-/Sites-col-master-catalog/default/dw2faa6241/images/col/618/6187960-frente.jpg?sw=280&sh=280"
                                },
                                {
                                    "marca": "Continente",
                                    "descricao": "Mini Quiche de Frango",
                                    "preco": "1,29€",
                                    "preco_antigo": null,
                                    "quantidade": "Quant. Mínima = 2 un",
                                    "precoPorQuantidade": "10,75€/kg",
                                    "link": "https://www.continente.pt/produto/mini-quiche-de-frango-continente-6996611.html?cgid=refeicoes-faceis-entradas-salgados-crepes",
                                    "imagem": "https://www.continente.pt/dw/image/v2/BDVS_PRD/on/demandware.static/-/Sites-col-master-catalog/default/dwa2b87d45/images/col/699/6996611-frente.jpg?sw=280&sh=280"
                                },
                                {
                                    "marca": "Continente",
                                    "descricao": "Mini Quiche de Queijo e Fiambre",
                                    "preco": "1,29€",
                                    "preco_antigo": null,
                                    "quantidade": "Quant. Mínima = 2 un",
                                    "precoPorQuantidade": "10,75€/kg",
                                    "link": "https://www.continente.pt/produto/mini-quiche-de-queijo-e-fiambre-continente-6996958.html?cgid=refeicoes-faceis-entradas-salgados-crepes",
                                    "imagem": "https://www.continente.pt/dw/image/v2/BDVS_PRD/on/demandware.static/-/Sites-col-master-catalog/default/dwbbb3448b/images/col/699/6996958-frente.jpg?sw=280&sh=280"
                                },
                                {
                                    "marca": "Continente",
                                    "descricao": "Mini Quiche de Legumes",
                                    "preco": "1,29€",
                                    "preco_antigo": null,
                                    "quantidade": "Quant. Mínima= 120 gr",
                                    "precoPorQuantidade": "10,75€/kg",
                                    "link": "https://www.continente.pt/produto/mini-quiche-de-legumes-continente-6996956.html?cgid=refeicoes-faceis-entradas-salgados-crepes",
                                    "imagem": "https://www.continente.pt/dw/image/v2/BDVS_PRD/on/demandware.static/-/Sites-col-master-catalog/default/dwad9d6ab8/images/col/699/6996956-frente.jpg?sw=280&sh=280"
                                },
                                {
                                    "marca": "Continente Seleção",
                                    "descricao": "Pastéis de Chaves IGP",
                                    "preco": "3,99€",
                                    "preco_antigo": null,
                                    "quantidade": "emb. 360 gr (4 un)",
                                    "precoPorQuantidade": "11,08€/kg",
                                    "link": "https://www.continente.pt/produto/pasteis-de-chaves-igp-continente-selecao-7066919.html?cgid=refeicoes-faceis-entradas-salgados-crepes",
                                    "imagem": "https://www.continente.pt/dw/image/v2/BDVS_PRD/on/demandware.static/-/Sites-col-master-catalog/default/dw2cad7ffc/images/col/706/7066919-frente.jpg?sw=280&sh=280"
                                },
                                {
                                    "marca": "Continente Seleção",
                                    "descricao": "Pastéis Recheados Legumes",
                                    "preco": "3,99€",
                                    "preco_antigo": null,
                                    "quantidade": "emb. 360 gr (4 un)",
                                    "precoPorQuantidade": "11,08€/kg",
                                    "link": "https://www.continente.pt/produto/pasteis-recheados-legumes-continente-selecao-7066909.html?cgid=refeicoes-faceis-entradas-salgados-crepes",
                                    "imagem": "https://www.continente.pt/dw/image/v2/BDVS_PRD/on/demandware.static/-/Sites-col-master-catalog/default/dw6c96e950/images/col/706/7066909-cima.jpg?sw=280&sh=280"
                                }
                            ]
                        },
                        {
                            "name": "Pães de Alho e Queijo",
                            "items": [
                                {
                                    "marca": "Continente",
                                    "descricao": "Baguete Pão de Alho",
                                    "preco": "1,49€",
                                    "preco_antigo": null,
                                    "quantidade": "emb. 350 gr (2 un)",
                                    "precoPorQuantidade": "4,26€/kg",
                                    "link": "https://www.continente.pt/produto/baguete-pao-de-alho-continente-5701319.html?cgid=refeicoes-faceis-entradas-salgados-outros",
                                    "imagem": "https://www.continente.pt/dw/image/v2/BDVS_PRD/on/demandware.static/-/Sites-col-master-catalog/default/dwb1bf076d/images/col/570/5701319-hero.jpg?sw=280&sh=280"
                                },
                                {
                                    "marca": "Continente",
                                    "descricao": "Baguete de Alho",
                                    "preco": "0,79€",
                                    "preco_antigo": null,
                                    "quantidade": "emb. 175 gr",
                                    "precoPorQuantidade": "4,65€/kg",
                                    "link": "https://www.continente.pt/produto/baguete-de-alho-continente-7371792.html?cgid=refeicoes-faceis-entradas-salgados-outros",
                                    "imagem": "https://www.continente.pt/dw/image/v2/BDVS_PRD/on/demandware.static/-/Sites-col-master-catalog/default/dwd5bfafef/images/col/737/7371792-cima.jpg?sw=280&sh=280"
                                },
                                {
                                    "marca": "Continente",
                                    "descricao": "Pão de Queijo",
                                    "preco": "0,16€",
                                    "preco_antigo": null,
                                    "quantidade": "Quant. Mínima = 6 un",
                                    "precoPorQuantidade": "7,27€/kg",
                                    "link": "https://www.continente.pt/produto/pao-de-queijo-continente-7446837.html?cgid=refeicoes-faceis-entradas-salgados-outros",
                                    "imagem": "https://www.continente.pt/dw/image/v2/BDVS_PRD/on/demandware.static/-/Sites-col-master-catalog/default/dw1f50b8ba/images/col/744/7446837-amb.jpg?sw=280&sh=280"
                                },
                                {
                                    "marca": "Continente Seleção",
                                    "descricao": "Pão de Queijo sem Glúten",
                                    "preco": "2,49€",
                                    "preco_antigo": null,
                                    "quantidade": "emb. 300 gr (12 un)",
                                    "precoPorQuantidade": "8,30€/kg",
                                    "link": "https://www.continente.pt/produto/pao-de-queijo-sem-gluten-continente-selecao-7055967.html?cgid=refeicoes-faceis-entradas-salgados-outros",
                                    "imagem": "https://www.continente.pt/dw/image/v2/BDVS_PRD/on/demandware.static/-/Sites-col-master-catalog/default/dw4821eeb7/images/col/705/7055967-frente.jpg?sw=280&sh=280"
                                },
                                {
                                    "marca": "Continente",
                                    "descricao": "Piadina de Fiambre e Queijo",
                                    "preco": "1,09€",
                                    "preco_antigo": null,
                                    "quantidade": "Quant. Mínima = 2 un",
                                    "precoPorQuantidade": "9,08€/kg",
                                    "link": "https://www.continente.pt/produto/piadina-de-fiambre-e-queijo-continente-6187962.html?cgid=refeicoes-faceis-entradas-salgados-outros",
                                    "imagem": "https://www.continente.pt/dw/image/v2/BDVS_PRD/on/demandware.static/-/Sites-col-master-catalog/default/dw153c622b/images/col/618/6187962-esquerdo.jpg?sw=280&sh=280"
                                },
                                {
                                    "marca": "De Marchi",
                                    "descricao": "Pão de Queijo",
                                    "preco": "2,99€",
                                    "preco_antigo": null,
                                    "quantidade": "emb. 300 gr",
                                    "precoPorQuantidade": "9,97€/kg",
                                    "link": "https://www.continente.pt/produto/pao-de-queijo-de-marchi-6786321.html?cgid=refeicoes-faceis-entradas-salgados-outros",
                                    "imagem": "https://www.continente.pt/dw/image/v2/BDVS_PRD/on/demandware.static/-/Sites-col-master-catalog/default/dwf88c9f4f/images/col/678/6786321-frente.jpg?sw=280&sh=280"
                                }
                            ]
                        }
                    ]
                },
                {
                    "name": "Pizzas",
                    "items": [
                        {
                            "name": "Frescas",
                            "items": [
                                {
                                    "marca": "Continente Fácil & Bom",
                                    "descricao": "Pizza Fresca de Fiambre e Dupla Mozzarella",
                                    "preco": "2,25€",
                                    "preco_antigo": null,
                                    "quantidade": "emb. 440 gr",
                                    "precoPorQuantidade": "5,11€/kg",
                                    "link": "https://www.continente.pt/produto/pizza-fresca-de-fiambre-e-dupla-mozzarella-continente-facil-bom-6573473.html?cgid=refeicoes-faceis-pizzas-frescas",
                                    "imagem": "https://www.continente.pt/dw/image/v2/BDVS_PRD/on/demandware.static/-/Sites-col-master-catalog/default/dwc79d4952/images/col/657/6573473-frente.jpg?sw=280&sh=280"
                                },
                                {
                                    "marca": "Continente Fácil & Bom",
                                    "descricao": "Pizza Fresca Romana",
                                    "preco": "2,25€",
                                    "preco_antigo": null,
                                    "quantidade": "emb. 425 gr",
                                    "precoPorQuantidade": "5,29€/kg",
                                    "link": "https://www.continente.pt/produto/pizza-fresca-romana-continente-facil-bom-6716050.html?cgid=refeicoes-faceis-pizzas-frescas",
                                    "imagem": "https://www.continente.pt/dw/image/v2/BDVS_PRD/on/demandware.static/-/Sites-col-master-catalog/default/dw4e9c3bd2/images/col/671/6716050-frente.jpg?sw=280&sh=280"
                                },
                                {
                                    "marca": "Continente Fácil & Bom",
                                    "descricao": "Pizza Fresca de Carbonara",
                                    "preco": "2,25€",
                                    "preco_antigo": null,
                                    "quantidade": "emb. 410 gr",
                                    "precoPorQuantidade": "5,49€/kg",
                                    "link": "https://www.continente.pt/produto/pizza-fresca-de-carbonara-continente-facil-bom-6623707.html?cgid=refeicoes-faceis-pizzas-frescas",
                                    "imagem": "https://www.continente.pt/dw/image/v2/BDVS_PRD/on/demandware.static/-/Sites-col-master-catalog/default/dwee51fa91/images/col/662/6623707-frente.jpg?sw=280&sh=280"
                                },
                                {
                                    "marca": "Continente Fácil & Bom",
                                    "descricao": "Pizza Fresca de Fiambre e Queijo",
                                    "preco": "2,25€",
                                    "preco_antigo": null,
                                    "quantidade": "emb. 410 gr",
                                    "precoPorQuantidade": "5,49€/kg",
                                    "link": "https://www.continente.pt/produto/pizza-fresca-de-fiambre-e-queijo-continente-facil-bom-6716090.html?cgid=refeicoes-faceis-pizzas-frescas",
                                    "imagem": "https://www.continente.pt/dw/image/v2/BDVS_PRD/on/demandware.static/-/Sites-col-master-catalog/default/dwc4dd3465/images/col/671/6716090-frente.jpg?sw=280&sh=280"
                                },
                                {
                                    "marca": "Continente Fácil & Bom",
                                    "descricao": "Pizza Fresca de Atum e Bacon",
                                    "preco": "2,25€",
                                    "preco_antigo": null,
                                    "quantidade": "emb. 400 gr",
                                    "precoPorQuantidade": "5,63€/kg",
                                    "link": "https://www.continente.pt/produto/pizza-fresca-de-atum-e-bacon-continente-facil-bom-6716058.html?cgid=refeicoes-faceis-pizzas-frescas",
                                    "imagem": "https://www.continente.pt/dw/image/v2/BDVS_PRD/on/demandware.static/-/Sites-col-master-catalog/default/dw400a9cb4/images/col/671/6716058-frente.jpg?sw=280&sh=280"
                                },
                                {
                                    "marca": "Continente Fácil & Bom",
                                    "descricao": "Pizza Fresca de Pepperoni",
                                    "preco": "2,25€",
                                    "preco_antigo": null,
                                    "quantidade": "emb. 380 gr",
                                    "precoPorQuantidade": "5,92€/kg",
                                    "link": "https://www.continente.pt/produto/pizza-fresca-de-pepperoni-continente-facil-bom-6623702.html?cgid=refeicoes-faceis-pizzas-frescas",
                                    "imagem": "https://www.continente.pt/dw/image/v2/BDVS_PRD/on/demandware.static/-/Sites-col-master-catalog/default/dwdfb98408/images/col/662/6623702-frente.jpg?sw=280&sh=280"
                                },
                                {
                                    "marca": "Campofrio",
                                    "descricao": "Pizza Fresca de Carne, Mozzarella, Pimento e Barbecue",
                                    "preco": "2,69€",
                                    "preco_antigo": "3,39€",
                                    "quantidade": "emb. 410 gr",
                                    "precoPorQuantidade": "6,56€/kg",
                                    "link": "https://www.continente.pt/produto/pizza-fresca-de-carne-mozzarella-pimento-e-barbecue-campofrio-2957810.html?cgid=refeicoes-faceis-pizzas-frescas",
                                    "imagem": "https://www.continente.pt/dw/image/v2/BDVS_PRD/on/demandware.static/-/Sites-col-master-catalog/default/dwf38b431e/images/col/295/2957810-frente.jpg?sw=280&sh=280"
                                },
                                {
                                    "marca": "Trigal",
                                    "descricao": "Rosca Serrana",
                                    "preco": "2,99€",
                                    "preco_antigo": null,
                                    "quantidade": "emb. 420 gr",
                                    "precoPorQuantidade": "7,12€/kg",
                                    "link": "https://www.continente.pt/produto/rosca-serrana-trigal-7445474.html?cgid=refeicoes-faceis-pizzas-frescas",
                                    "imagem": "https://www.continente.pt/dw/image/v2/BDVS_PRD/on/demandware.static/-/Sites-col-master-catalog/default/dw7c38cb5a/images/col/744/7445474-frente.jpg?sw=280&sh=280"
                                },
                                {
                                    "marca": "Campofrio",
                                    "descricao": "Pizza Fresca de 4 Queijos",
                                    "preco": "2,69€",
                                    "preco_antigo": "3,39€",
                                    "quantidade": "emb. 365 gr",
                                    "precoPorQuantidade": "7,37€/kg",
                                    "link": "https://www.continente.pt/produto/pizza-fresca-de-4-queijos-campofrio-5877580.html?cgid=refeicoes-faceis-pizzas-frescas",
                                    "imagem": "https://www.continente.pt/dw/image/v2/BDVS_PRD/on/demandware.static/-/Sites-col-master-catalog/default/dw9eb96610/images/col/587/5877580-frente.jpg?sw=280&sh=280"
                                },
                                {
                                    "marca": "Campofrio",
                                    "descricao": "Pizza Fresca Carbonara",
                                    "preco": "2,69€",
                                    "preco_antigo": "3,39€",
                                    "quantidade": "emb. 360 gr",
                                    "precoPorQuantidade": "7,47€/kg",
                                    "link": "https://www.continente.pt/produto/pizza-fresca-carbonara-campofrio-5100395.html?cgid=refeicoes-faceis-pizzas-frescas",
                                    "imagem": "https://www.continente.pt/dw/image/v2/BDVS_PRD/on/demandware.static/-/Sites-col-master-catalog/default/dwa91dea55/images/col/510/5100395-frente.jpg?sw=280&sh=280"
                                },
                                {
                                    "marca": "Campofrio",
                                    "descricao": "Pizza Fresca de Fiambre e Queijo",
                                    "preco": "2,69€",
                                    "preco_antigo": "3,39€",
                                    "quantidade": "emb. 360 gr",
                                    "precoPorQuantidade": "7,47€/kg",
                                    "link": "https://www.continente.pt/produto/pizza-fresca-de-fiambre-e-queijo-campofrio-3834953.html?cgid=refeicoes-faceis-pizzas-frescas",
                                    "imagem": "https://www.continente.pt/dw/image/v2/BDVS_PRD/on/demandware.static/-/Sites-col-master-catalog/default/dwfb381c82/images/col/383/3834953-frente.jpg?sw=280&sh=280"
                                },
                                {
                                    "marca": "Megic",
                                    "descricao": "Pizza Fresca de Presunto e Cogumelos",
                                    "preco": "4,29€",
                                    "preco_antigo": null,
                                    "quantidade": "emb. 430 gr",
                                    "precoPorQuantidade": "9,98€/kg",
                                    "link": "https://www.continente.pt/produto/pizza-fresca-de-presunto-e-cogumelos-megic-7171232.html?cgid=refeicoes-faceis-pizzas-frescas",
                                    "imagem": "https://www.continente.pt/dw/image/v2/BDVS_PRD/on/demandware.static/-/Sites-col-master-catalog/default/dw3fb777e8/images/col/717/7171232-frente.jpg?sw=280&sh=280"
                                },
                                {
                                    "marca": "Megic",
                                    "descricao": "Pizza Fresca de 4 Queijos",
                                    "preco": "4,29€",
                                    "preco_antigo": null,
                                    "quantidade": "emb. 430 gr",
                                    "precoPorQuantidade": "9,98€/kg",
                                    "link": "https://www.continente.pt/produto/pizza-fresca-de-4-queijos-megic-7171236.html?cgid=refeicoes-faceis-pizzas-frescas",
                                    "imagem": "https://www.continente.pt/dw/image/v2/BDVS_PRD/on/demandware.static/-/Sites-col-master-catalog/default/dw47af499e/images/col/717/7171236-frente.jpg?sw=280&sh=280"
                                }
                            ]
                        }
                    ]
                },
                {
                    "name": "Sobremesas",
                    "items": [
                        {
                            "marca": "Continente",
                            "descricao": "Waffles",
                            "preco": "2,99€",
                            "preco_antigo": null,
                            "quantidade": "emb. 8 un",
                            "precoPorQuantidade": "0,37€/un",
                            "link": "https://www.continente.pt/produto/waffles-continente-7520259.html?cgid=refeicoes-faceis-sobremesas",
                            "imagem": "https://www.continente.pt/dw/image/v2/BDVS_PRD/on/demandware.static/-/Sites-col-master-catalog/default/dwd1736b6b/images/col/752/7520259-frente.jpg?sw=280&sh=280"
                        },
                        {
                            "marca": "Continente",
                            "descricao": "Pudim de Baunilha",
                            "preco": "0,99€",
                            "preco_antigo": null,
                            "quantidade": "emb. 600 gr (6 un)",
                            "precoPorQuantidade": "1,65€/kg",
                            "link": "https://www.continente.pt/produto/pudim-de-baunilha-continente-4555303.html?cgid=refeicoes-faceis-sobremesas",
                            "imagem": "https://www.continente.pt/dw/image/v2/BDVS_PRD/on/demandware.static/-/Sites-col-master-catalog/default/dwae7a1e93/images/col/455/4555303-hero.jpg?sw=280&sh=280"
                        },
                        {
                            "marca": "Continente",
                            "descricao": "Natilhas de Baunilha",
                            "preco": "0,99€",
                            "preco_antigo": null,
                            "quantidade": "emb. 500 gr (4 un)",
                            "precoPorQuantidade": "1,98€/kg",
                            "link": "https://www.continente.pt/produto/natilhas-de-baunilha-continente-6579755.html?cgid=refeicoes-faceis-sobremesas",
                            "imagem": "https://www.continente.pt/dw/image/v2/BDVS_PRD/on/demandware.static/-/Sites-col-master-catalog/default/dwf10ed3f6/images/col/657/6579755-hero.jpg?sw=280&sh=280"
                        },
                        {
                            "marca": "Nova Maestro",
                            "descricao": "Liégeois Chocolate",
                            "preco": "0,99€",
                            "preco_antigo": null,
                            "quantidade": "emb. 400 gr (4 un)",
                            "precoPorQuantidade": "2,48€/kg",
                            "link": "https://www.continente.pt/produto/liegeois-chocolate-nova-maestro-7533911.html?cgid=refeicoes-faceis-sobremesas",
                            "imagem": "https://www.continente.pt/dw/image/v2/BDVS_PRD/on/demandware.static/-/Sites-col-master-catalog/default/dwf8921bd8/images/col/753/7533911-frente.jpg?sw=280&sh=280"
                        },
                        {
                            "marca": "Continente",
                            "descricao": "Natilhas com Bolacha Maria",
                            "preco": "1,29€",
                            "preco_antigo": null,
                            "quantidade": "emb. 4 x 125 gr",
                            "precoPorQuantidade": "2,58€/kg",
                            "link": "https://www.continente.pt/produto/natilhas-com-bolacha-maria-continente-6758818.html?cgid=refeicoes-faceis-sobremesas",
                            "imagem": "https://www.continente.pt/dw/image/v2/BDVS_PRD/on/demandware.static/-/Sites-col-master-catalog/default/dw5725255b/images/col/675/6758818-hero.jpg?sw=280&sh=280"
                        },
                        {
                            "marca": "Continente",
                            "descricao": "Crepes Simples",
                            "preco": "3,99€",
                            "preco_antigo": null,
                            "quantidade": "emb. 1 kg (16 un)",
                            "precoPorQuantidade": "3,99€/kg",
                            "link": "https://www.continente.pt/produto/crepes-simples-continente-5135637.html?cgid=refeicoes-faceis-sobremesas",
                            "imagem": "https://www.continente.pt/dw/image/v2/BDVS_PRD/on/demandware.static/-/Sites-col-master-catalog/default/dwc58ea9de/images/col/513/5135637-hero.jpg?sw=280&sh=280"
                        },
                        {
                            "marca": "Continente",
                            "descricao": "Mousse de Chocolate",
                            "preco": "0,99€",
                            "preco_antigo": null,
                            "quantidade": "emb. 240 gr (4 un)",
                            "precoPorQuantidade": "4,13€/kg",
                            "link": "https://www.continente.pt/produto/mousse-de-chocolate-continente-5029710.html?cgid=refeicoes-faceis-sobremesas",
                            "imagem": "https://www.continente.pt/dw/image/v2/BDVS_PRD/on/demandware.static/-/Sites-col-master-catalog/default/dw5e89e6f1/images/col/502/5029710-direito.jpg?sw=280&sh=280"
                        },
                        {
                            "marca": "Continente",
                            "descricao": "Toucinho do Céu",
                            "preco": "0,99€",
                            "preco_antigo": null,
                            "quantidade": "emb. 2 x 100 gr",
                            "precoPorQuantidade": "4,95€/kg",
                            "link": "https://www.continente.pt/produto/toucinho-do-ceu-continente-7477479.html?cgid=refeicoes-faceis-sobremesas",
                            "imagem": "https://www.continente.pt/dw/image/v2/BDVS_PRD/on/demandware.static/-/Sites-col-master-catalog/default/dwe3e26ff1/images/col/747/7477479-frente.jpg?sw=280&sh=280"
                        },
                        {
                            "marca": "A Leiteira",
                            "descricao": "Arroz Doce",
                            "preco": "2,28€",
                            "preco_antigo": null,
                            "quantidade": "emb. 460 gr (4 un)",
                            "precoPorQuantidade": "4,96€/kg",
                            "link": "https://www.continente.pt/produto/arroz-doce-a-leiteira-7554122.html?cgid=refeicoes-faceis-sobremesas",
                            "imagem": "https://www.continente.pt/dw/image/v2/BDVS_PRD/on/demandware.static/-/Sites-col-master-catalog/default/dw353282a1/images/col/755/7554122-direito.jpg?sw=280&sh=280"
                        },
                        {
                            "marca": "Continente",
                            "descricao": "Crepes com Chocolate Belga",
                            "preco": "2,99€",
                            "preco_antigo": null,
                            "quantidade": "emb. 540 gr (6 un)",
                            "precoPorQuantidade": "5,54€/kg",
                            "link": "https://www.continente.pt/produto/crepes-com-chocolate-belga-continente-5148306.html?cgid=refeicoes-faceis-sobremesas",
                            "imagem": "https://www.continente.pt/dw/image/v2/BDVS_PRD/on/demandware.static/-/Sites-col-master-catalog/default/dwe647f69e/images/col/514/5148306-hero.jpg?sw=280&sh=280"
                        },
                        {
                            "marca": "Alpro",
                            "descricao": "Sobremesa Soja e Baunilha",
                            "preco": "2,89€",
                            "preco_antigo": null,
                            "quantidade": "emb. 500 gr (4 un)",
                            "precoPorQuantidade": "5,78€/kg",
                            "link": "https://www.continente.pt/produto/sobremesa-soja-e-baunilha-alpro-2839504.html?cgid=refeicoes-faceis-sobremesas",
                            "imagem": "https://www.continente.pt/dw/image/v2/BDVS_PRD/on/demandware.static/-/Sites-col-master-catalog/default/dw9bf3e989/images/col/283/2839504-direito.jpg?sw=280&sh=280"
                        },
                        {
                            "marca": "Continente",
                            "descricao": "Arroz Doce",
                            "preco": "1,69€",
                            "preco_antigo": null,
                            "quantidade": "emb. 250 gr (2 un)",
                            "precoPorQuantidade": "6,76€/kg",
                            "link": "https://www.continente.pt/produto/arroz-doce-continente-6823980.html?cgid=refeicoes-faceis-sobremesas",
                            "imagem": "https://www.continente.pt/dw/image/v2/BDVS_PRD/on/demandware.static/-/Sites-col-master-catalog/default/dwc281411d/images/col/682/6823980-hero.jpg?sw=280&sh=280"
                        },
                        {
                            "marca": "A Leiteira",
                            "descricao": "Delícia de Chocolate",
                            "preco": "1,69€",
                            "preco_antigo": null,
                            "quantidade": "emb. 250 gr (2 un)",
                            "precoPorQuantidade": "6,76€/kg",
                            "link": "https://www.continente.pt/produto/delicia-de-chocolate-a-leiteira-7554419.html?cgid=refeicoes-faceis-sobremesas",
                            "imagem": "https://www.continente.pt/dw/image/v2/BDVS_PRD/on/demandware.static/-/Sites-col-master-catalog/default/dwd9059314/images/col/755/7554419-direito.jpg?sw=280&sh=280"
                        },
                        {
                            "marca": "A Leiteira",
                            "descricao": "Delícia de Bolacha",
                            "preco": "1,69€",
                            "preco_antigo": null,
                            "quantidade": "emb. 250 gr (2 un)",
                            "precoPorQuantidade": "6,76€/kg",
                            "link": "https://www.continente.pt/produto/delicia-de-bolacha-a-leiteira-7554418.html?cgid=refeicoes-faceis-sobremesas",
                            "imagem": "https://www.continente.pt/dw/image/v2/BDVS_PRD/on/demandware.static/-/Sites-col-master-catalog/default/dw9ea947e4/images/col/755/7554418-direito.jpg?sw=280&sh=280"
                        },
                        {
                            "marca": "A Leiteira",
                            "descricao": "Mousse de Chocolate de Leite",
                            "preco": "1,69€",
                            "preco_antigo": null,
                            "quantidade": "emb. 240 gr (4 un)",
                            "precoPorQuantidade": "7,04€/kg",
                            "link": "https://www.continente.pt/produto/mousse-de-chocolate-de-leite-a-leiteira-7554205.html?cgid=refeicoes-faceis-sobremesas",
                            "imagem": "https://www.continente.pt/dw/image/v2/BDVS_PRD/on/demandware.static/-/Sites-col-master-catalog/default/dwe038deb5/images/col/755/7554205-frente.jpg?sw=280&sh=280"
                        },
                        {
                            "marca": "A Leiteira",
                            "descricao": "Mousse Chocolate Negro",
                            "preco": "1,69€",
                            "preco_antigo": null,
                            "quantidade": "emb. 240 gr (4 un)",
                            "precoPorQuantidade": "7,04€/kg",
                            "link": "https://www.continente.pt/produto/mousse-chocolate-negro-a-leiteira-7554199.html?cgid=refeicoes-faceis-sobremesas",
                            "imagem": "https://www.continente.pt/dw/image/v2/BDVS_PRD/on/demandware.static/-/Sites-col-master-catalog/default/dwf23f2ed1/images/col/755/7554199-frente.jpg?sw=280&sh=280"
                        },
                        {
                            "marca": "A Leiteira",
                            "descricao": "Mousse de Caramelo",
                            "preco": "1,69€",
                            "preco_antigo": null,
                            "quantidade": "emb. 240 gr (4 un)",
                            "precoPorQuantidade": "7,04€/kg",
                            "link": "https://www.continente.pt/produto/mousse-de-caramelo-a-leiteira-7554417.html?cgid=refeicoes-faceis-sobremesas",
                            "imagem": "https://www.continente.pt/dw/image/v2/BDVS_PRD/on/demandware.static/-/Sites-col-master-catalog/default/dw2cc01aa1/images/col/755/7554417-frente.jpg?sw=280&sh=280"
                        },
                        {
                            "marca": "Continente",
                            "descricao": "Crepes de Creme de Pastel de Nata",
                            "preco": "3,99€",
                            "preco_antigo": null,
                            "quantidade": "emb. 540 gr (6 un)",
                            "precoPorQuantidade": "7,39€/kg",
                            "link": "https://www.continente.pt/produto/crepes-de-creme-de-pastel-de-nata-continente-6457059.html?cgid=refeicoes-faceis-sobremesas",
                            "imagem": "https://www.continente.pt/dw/image/v2/BDVS_PRD/on/demandware.static/-/Sites-col-master-catalog/default/dw56fca3a3/images/col/645/6457059-hero.jpg?sw=280&sh=280"
                        },
                        {
                            "marca": "Continente",
                            "descricao": "Crepes de Maçã e Canela",
                            "preco": "3,99€",
                            "preco_antigo": null,
                            "quantidade": "emb. 540 gr (6 un)",
                            "precoPorQuantidade": "7,39€/kg",
                            "link": "https://www.continente.pt/produto/crepes-de-maca-e-canela-continente-5228137.html?cgid=refeicoes-faceis-sobremesas",
                            "imagem": "https://www.continente.pt/dw/image/v2/BDVS_PRD/on/demandware.static/-/Sites-col-master-catalog/default/dw2c9c3144/images/col/522/5228137-hero.jpg?sw=280&sh=280"
                        },
                        {
                            "marca": "Continente",
                            "descricao": "Crepes com Doce de Ovos",
                            "preco": "3,99€",
                            "preco_antigo": null,
                            "quantidade": "emb. 540 gr (6 un)",
                            "precoPorQuantidade": "7,39€/kg",
                            "link": "https://www.continente.pt/produto/crepes-com-doce-de-ovos-continente-5228136.html?cgid=refeicoes-faceis-sobremesas",
                            "imagem": "https://www.continente.pt/dw/image/v2/BDVS_PRD/on/demandware.static/-/Sites-col-master-catalog/default/dw6cf16a0c/images/col/522/5228136-hero.jpg?sw=280&sh=280"
                        },
                        {
                            "marca": "Continente",
                            "descricao": "Profiteroles de Nata",
                            "preco": "2,49€",
                            "preco_antigo": null,
                            "quantidade": "emb. 330 gr",
                            "precoPorQuantidade": "7,55€/kg",
                            "link": "https://www.continente.pt/produto/profiteroles-de-nata-continente-4313177.html?cgid=refeicoes-faceis-sobremesas",
                            "imagem": "https://www.continente.pt/dw/image/v2/BDVS_PRD/on/demandware.static/-/Sites-col-master-catalog/default/dw5e34ad69/images/col/431/4313177-hero.jpg?sw=280&sh=280"
                        },
                        {
                            "marca": "A Leiteira",
                            "descricao": "Mousse Crocante de Chocolate",
                            "preco": "1,78€",
                            "preco_antigo": null,
                            "quantidade": "emb. 228 gr (4 un)",
                            "precoPorQuantidade": "7,81€/kg",
                            "link": "https://www.continente.pt/produto/mousse-crocante-de-chocolate-a-leiteira-7554197.html?cgid=refeicoes-faceis-sobremesas",
                            "imagem": "https://www.continente.pt/dw/image/v2/BDVS_PRD/on/demandware.static/-/Sites-col-master-catalog/default/dw2c6b3130/images/col/755/7554197-frente.jpg?sw=280&sh=280"
                        },
                        {
                            "marca": "A Leiteira",
                            "descricao": "Mousse Crocante Baunilha",
                            "preco": "1,78€",
                            "preco_antigo": null,
                            "quantidade": "emb. 228 gr (4 un)",
                            "precoPorQuantidade": "7,81€/kg",
                            "link": "https://www.continente.pt/produto/mousse-crocante-baunilha-a-leiteira-7554198.html?cgid=refeicoes-faceis-sobremesas",
                            "imagem": "https://www.continente.pt/dw/image/v2/BDVS_PRD/on/demandware.static/-/Sites-col-master-catalog/default/dw29b6ac08/images/col/755/7554198-frente.jpg?sw=280&sh=280"
                        },
                        {
                            "marca": "Continente",
                            "descricao": "Creme Brulée",
                            "preco": "1,59€",
                            "preco_antigo": null,
                            "quantidade": "emb. 200 gr (2 un)",
                            "precoPorQuantidade": "7,95€/kg",
                            "link": "https://www.continente.pt/produto/creme-brulee-continente-4458606.html?cgid=refeicoes-faceis-sobremesas",
                            "imagem": "https://www.continente.pt/dw/image/v2/BDVS_PRD/on/demandware.static/-/Sites-col-master-catalog/default/dw00b0e380/images/col/445/4458606-hero.jpg?sw=280&sh=280"
                        },
                        {
                            "marca": "Continente",
                            "descricao": "Tiramisu",
                            "preco": "1,35€",
                            "preco_antigo": null,
                            "quantidade": "emb. 160 gr (2 un)",
                            "precoPorQuantidade": "8,44€/kg",
                            "link": "https://www.continente.pt/produto/tiramisu-continente-6617048.html?cgid=refeicoes-faceis-sobremesas",
                            "imagem": "https://www.continente.pt/dw/image/v2/BDVS_PRD/on/demandware.static/-/Sites-col-master-catalog/default/dwf9e86117/images/col/661/6617048-hero.jpg?sw=280&sh=280"
                        },
                        {
                            "marca": "Reina",
                            "descricao": "Creme Catalana",
                            "preco": "1,75€",
                            "preco_antigo": null,
                            "quantidade": "emb. 206 gr (2 un)",
                            "precoPorQuantidade": "8,50€/kg",
                            "link": "https://www.continente.pt/produto/creme-catalana-reina-7071950.html?cgid=refeicoes-faceis-sobremesas",
                            "imagem": "https://www.continente.pt/dw/image/v2/BDVS_PRD/on/demandware.static/-/Sites-col-master-catalog/default/dwb29841ad/images/col/707/7071950-direito.jpg?sw=280&sh=280"
                        },
                        {
                            "marca": "Continente",
                            "descricao": "Cheesecake",
                            "preco": "1,59€",
                            "preco_antigo": null,
                            "quantidade": "emb. 180 gr (2 un)",
                            "precoPorQuantidade": "8,83€/kg",
                            "link": "https://www.continente.pt/produto/cheesecake-continente-5951552.html?cgid=refeicoes-faceis-sobremesas",
                            "imagem": "https://www.continente.pt/dw/image/v2/BDVS_PRD/on/demandware.static/-/Sites-col-master-catalog/default/dw39464bf3/images/col/595/5951552-hero.jpg?sw=280&sh=280"
                        },
                        {
                            "marca": "Continente",
                            "descricao": "Natas do Céu",
                            "preco": "1,69€",
                            "preco_antigo": null,
                            "quantidade": "emb. 180 gr (2 un)",
                            "precoPorQuantidade": "9,39€/kg",
                            "link": "https://www.continente.pt/produto/natas-do-ceu-continente-5951542.html?cgid=refeicoes-faceis-sobremesas",
                            "imagem": "https://www.continente.pt/dw/image/v2/BDVS_PRD/on/demandware.static/-/Sites-col-master-catalog/default/dwabda7dd9/images/col/595/5951542-hero.jpg?sw=280&sh=280"
                        },
                        {
                            "marca": "Continente",
                            "descricao": "Serradura",
                            "preco": "1,69€",
                            "preco_antigo": null,
                            "quantidade": "emb. 170 gr (2 un)",
                            "precoPorQuantidade": "9,94€/kg",
                            "link": "https://www.continente.pt/produto/serradura-continente-5951545.html?cgid=refeicoes-faceis-sobremesas",
                            "imagem": "https://www.continente.pt/dw/image/v2/BDVS_PRD/on/demandware.static/-/Sites-col-master-catalog/default/dw09c3aba9/images/col/595/5951545-hero.jpg?sw=280&sh=280"
                        },
                        {
                            "marca": "Nutriva",
                            "descricao": "Bolo de Frutos Silvestres",
                            "preco": "2,79€",
                            "preco_antigo": null,
                            "quantidade": "emb. 280 gr",
                            "precoPorQuantidade": "9,96€/kg",
                            "link": "https://www.continente.pt/produto/bolo-de-frutos-silvestres-nutriva-7141309.html?cgid=refeicoes-faceis-sobremesas",
                            "imagem": "https://www.continente.pt/dw/image/v2/BDVS_PRD/on/demandware.static/-/Sites-col-master-catalog/default/dw439382bc/images/col/714/7141309-frente.jpg?sw=280&sh=280"
                        },
                        {
                            "marca": "Nutriva",
                            "descricao": "Bolo de Caramelo",
                            "preco": "2,99€",
                            "preco_antigo": null,
                            "quantidade": "emb. 300 gr",
                            "precoPorQuantidade": "9,97€/kg",
                            "link": "https://www.continente.pt/produto/bolo-de-caramelo-nutriva-6980820.html?cgid=refeicoes-faceis-sobremesas",
                            "imagem": "https://www.continente.pt/dw/image/v2/BDVS_PRD/on/demandware.static/-/Sites-col-master-catalog/default/dw0d36dee0/images/col/698/6980820-frente.jpg?sw=280&sh=280"
                        },
                        {
                            "marca": "Continente",
                            "descricao": "Petit Gâteau de Caramelo Salgado",
                            "preco": "3,29€",
                            "preco_antigo": null,
                            "quantidade": "emb. 320 gr (4 un)",
                            "precoPorQuantidade": "10,28€ /kg",
                            "link": "https://www.continente.pt/produto/petit-gateau-de-caramelo-salgado-continente-6576933.html?cgid=refeicoes-faceis-sobremesas",
                            "imagem": "https://www.continente.pt/dw/image/v2/BDVS_PRD/on/demandware.static/-/Sites-col-master-catalog/default/dw3a3c098d/images/col/657/6576933-hero.jpg?sw=280&sh=280"
                        },
                        {
                            "marca": "Continente",
                            "descricao": "Petit Gâteau de Chocolate Negro",
                            "preco": "3,29€",
                            "preco_antigo": null,
                            "quantidade": "emb. 320 gr (4 un)",
                            "precoPorQuantidade": "10,28€/kg",
                            "link": "https://www.continente.pt/produto/petit-gateau-de-chocolate-negro-continente-6577347.html?cgid=refeicoes-faceis-sobremesas",
                            "imagem": "https://www.continente.pt/dw/image/v2/BDVS_PRD/on/demandware.static/-/Sites-col-master-catalog/default/dw07964368/images/col/657/6577347-hero.jpg?sw=280&sh=280"
                        },
                        {
                            "marca": "Continente Fácil & Bom",
                            "descricao": "Mousse de Chocolate",
                            "preco": "1,09€",
                            "preco_antigo": null,
                            "quantidade": "emb. 100 gr",
                            "precoPorQuantidade": "10,90€/kg",
                            "link": "https://www.continente.pt/produto/mousse-de-chocolate-continente-facil-bom-7519495.html?cgid=refeicoes-faceis-sobremesas",
                            "imagem": "https://www.continente.pt/dw/image/v2/BDVS_PRD/on/demandware.static/-/Sites-col-master-catalog/default/dw9203c28c/images/col/751/7519495-direito.jpg?sw=280&sh=280"
                        },
                        {
                            "marca": "Continente",
                            "descricao": "Doce da Casa",
                            "preco": "1,69€",
                            "preco_antigo": null,
                            "quantidade": "emb. 150 gr (2 un)",
                            "precoPorQuantidade": "11,27€/kg",
                            "link": "https://www.continente.pt/produto/doce-da-casa-continente-6852558.html?cgid=refeicoes-faceis-sobremesas",
                            "imagem": "https://www.continente.pt/dw/image/v2/BDVS_PRD/on/demandware.static/-/Sites-col-master-catalog/default/dw620b7214/images/col/685/6852558-hero.jpg?sw=280&sh=280"
                        },
                        {
                            "marca": "Continente Seleção",
                            "descricao": "Profiteroles com Caramelo Salgado",
                            "preco": "2,99€",
                            "preco_antigo": null,
                            "quantidade": "emb. 240 gr",
                            "precoPorQuantidade": "12,46€/un",
                            "link": "https://www.continente.pt/produto/profiteroles-com-caramelo-salgado-continente-selecao-7490246.html?cgid=refeicoes-faceis-sobremesas",
                            "imagem": "https://www.continente.pt/dw/image/v2/BDVS_PRD/on/demandware.static/-/Sites-col-master-catalog/default/dwb670505b/images/col/749/7490246-hero.jpg?sw=280&sh=280"
                        },
                        {
                            "marca": "Continente Fácil & Bom",
                            "descricao": "Baba de Camelo",
                            "preco": "1,09€",
                            "preco_antigo": null,
                            "quantidade": "emb. 85 gr",
                            "precoPorQuantidade": "12,82€/kg",
                            "link": "https://www.continente.pt/produto/baba-de-camelo-continente-facil-bom-5938754.html?cgid=refeicoes-faceis-sobremesas",
                            "imagem": "https://www.continente.pt/dw/image/v2/BDVS_PRD/on/demandware.static/-/Sites-col-master-catalog/default/dwcc12397c/images/col/593/5938754-direito.jpg?sw=280&sh=280"
                        },
                        {
                            "marca": "Continente Fácil & Bom",
                            "descricao": "Serradura",
                            "preco": "1,09€",
                            "preco_antigo": null,
                            "quantidade": "emb. 80 gr",
                            "precoPorQuantidade": "13,63€/kg",
                            "link": "https://www.continente.pt/produto/serradura-continente-facil-bom-7519496.html?cgid=refeicoes-faceis-sobremesas",
                            "imagem": "https://www.continente.pt/dw/image/v2/BDVS_PRD/on/demandware.static/-/Sites-col-master-catalog/default/dw13cdc6ec/images/col/751/7519496-frente.jpg?sw=280&sh=280"
                        },
                        {
                            "marca": "Continente Fácil & Bom",
                            "descricao": "Cheesecake de Frutos Silvestres",
                            "preco": "1,09€",
                            "preco_antigo": null,
                            "quantidade": "emb. 75 gr",
                            "precoPorQuantidade": "14,53€/kg",
                            "link": "https://www.continente.pt/produto/cheesecake-de-frutos-silvestres-continente-facil-bom-5938814.html?cgid=refeicoes-faceis-sobremesas",
                            "imagem": "https://www.continente.pt/dw/image/v2/BDVS_PRD/on/demandware.static/-/Sites-col-master-catalog/default/dwc5166867/images/col/593/5938814-frente.jpg?sw=280&sh=280"
                        }
                    ]
                },
                {
                    "name": "Hambúrgueres",
                    "items": [
                        {
                            "name": "Pronto a Comer",
                            "items": [
                                {
                                    "marca": "Continente Fácil & Bom",
                                    "descricao": "Hambúrguer de Porco com Queijo Gouda",
                                    "preco": "2,19€",
                                    "preco_antigo": null,
                                    "quantidade": "emb. 250 gr (2 un)",
                                    "precoPorQuantidade": "8,76€/kg",
                                    "link": "https://www.continente.pt/produto/hamburguer-de-porco-com-queijo-gouda-continente-facil-bom-4999496.html?cgid=refeicoes-faceis-hamburgueres-pronto",
                                    "imagem": "https://www.continente.pt/dw/image/v2/BDVS_PRD/on/demandware.static/-/Sites-col-master-catalog/default/dw0c5799b6/images/col/499/4999496-frente.jpg?sw=280&sh=280"
                                },
                                {
                                    "marca": "Continente Fácil & Bom",
                                    "descricao": "Hambúrguer de Aves com Queijo Gouda",
                                    "preco": "2,19€",
                                    "preco_antigo": null,
                                    "quantidade": "emb. 250 gr (2 un)",
                                    "precoPorQuantidade": "8,76€/kg",
                                    "link": "https://www.continente.pt/produto/hamburguer-de-aves-com-queijo-gouda-continente-facil-bom-4999531.html?cgid=refeicoes-faceis-hamburgueres-pronto",
                                    "imagem": "https://www.continente.pt/dw/image/v2/BDVS_PRD/on/demandware.static/-/Sites-col-master-catalog/default/dw3bb38f2a/images/col/499/4999531-frente.jpg?sw=280&sh=280"
                                },
                                {
                                    "marca": "Continente Fácil & Bom",
                                    "descricao": "Hambúrguer de Vaca",
                                    "preco": "2,19€",
                                    "preco_antigo": null,
                                    "quantidade": "emb. 220 gr (2 un)",
                                    "precoPorQuantidade": "9,95€/kg",
                                    "link": "https://www.continente.pt/produto/hamburguer-de-vaca-continente-facil-bom-4999505.html?cgid=refeicoes-faceis-hamburgueres-pronto",
                                    "imagem": "https://www.continente.pt/dw/image/v2/BDVS_PRD/on/demandware.static/-/Sites-col-master-catalog/default/dw4257b7fb/images/col/499/4999505-frente.jpg?sw=280&sh=280"
                                }
                            ]
                        },
                        {
                            "name": "Frescos",
                            "items": [
                                {
                                    "marca": "Continente Fácil & Bom",
                                    "descricao": "Hambúrguer de Porco",
                                    "preco": "2,99€",
                                    "preco_antigo": null,
                                    "quantidade": "emb. 480 gr (4 un)",
                                    "precoPorQuantidade": "6,23€/kg",
                                    "link": "https://www.continente.pt/produto/hamburguer-de-porco-continente-facil-bom-6148711.html?cgid=refeicoes-faceis-hamburgueres-frescos",
                                    "imagem": "https://www.continente.pt/dw/image/v2/BDVS_PRD/on/demandware.static/-/Sites-col-master-catalog/default/dw51d945a9/images/col/614/6148711-cima.jpg?sw=280&sh=280"
                                },
                                {
                                    "marca": "Continente Fácil & Bom",
                                    "descricao": "Mini Hambúrguer de Bovino Kids",
                                    "preco": "3,79€",
                                    "preco_antigo": "4,49€",
                                    "quantidade": "emb. 400 gr (8 un)",
                                    "precoPorQuantidade": "9,48€/kg",
                                    "link": "https://www.continente.pt/produto/mini-hamburguer-de-bovino-kids-continente-facil-bom-7415390.html?cgid=refeicoes-faceis-hamburgueres-frescos",
                                    "imagem": "https://www.continente.pt/dw/image/v2/BDVS_PRD/on/demandware.static/-/Sites-col-master-catalog/default/dwbfc8e1d2/images/col/741/7415390-frente.jpg?sw=280&sh=280"
                                },
                                {
                                    "marca": "Continente Fácil & Bom",
                                    "descricao": "Hambúrguer de Bovino",
                                    "preco": "4,79€",
                                    "preco_antigo": null,
                                    "quantidade": "emb. 480 gr (4 un)",
                                    "precoPorQuantidade": "9,98€/kg",
                                    "link": "https://www.continente.pt/produto/hamburguer-de-bovino-continente-facil-bom-6152474.html?cgid=refeicoes-faceis-hamburgueres-frescos",
                                    "imagem": "https://www.continente.pt/dw/image/v2/BDVS_PRD/on/demandware.static/-/Sites-col-master-catalog/default/dwd6af83df/images/col/615/6152474-frente.jpg?sw=280&sh=280"
                                },
                                {
                                    "marca": "Continente Seleção Fácil & Bom",
                                    "descricao": "Hambúrguer de Bovino com Picanha",
                                    "preco": "4,99€",
                                    "preco_antigo": null,
                                    "quantidade": "emb. 480 gr (4 un)",
                                    "precoPorQuantidade": "10,40€/kg",
                                    "link": "https://www.continente.pt/produto/hamburguer-de-bovino-com-picanha-continente-selecao-facil-bom-6245680.html?cgid=refeicoes-faceis-hamburgueres-frescos",
                                    "imagem": "https://www.continente.pt/dw/image/v2/BDVS_PRD/on/demandware.static/-/Sites-col-master-catalog/default/dw851369dc/images/col/624/6245680-cima.jpg?sw=280&sh=280"
                                },
                                {
                                    "marca": "Continente Seleção",
                                    "descricao": "Hambúrguer 100% Carne de Novilho Angus",
                                    "preco": "3,59€",
                                    "preco_antigo": null,
                                    "quantidade": "emb. 300 gr (2 un)",
                                    "precoPorQuantidade": "11,97€/kg",
                                    "link": "https://www.continente.pt/produto/hamburguer-100--carne-de-novilho-angus-continente-selecao-7082480.html?cgid=refeicoes-faceis-hamburgueres-frescos",
                                    "imagem": "https://www.continente.pt/dw/image/v2/BDVS_PRD/on/demandware.static/-/Sites-col-master-catalog/default/dw605be671/images/col/708/7082480-cima.jpg?sw=280&sh=280"
                                },
                                {
                                    "marca": "Continente Seleção Fácil & Bom",
                                    "descricao": "Hambúrguer de Bovino Mertolengo DOP",
                                    "preco": "7,49€",
                                    "preco_antigo": null,
                                    "quantidade": "emb. 460 gr (4 un)",
                                    "precoPorQuantidade": "16,28€/kg",
                                    "link": "https://www.continente.pt/produto/hamburguer-de-bovino-mertolengo-dop-continente-selecao-facil-bom-5699336.html?cgid=refeicoes-faceis-hamburgueres-frescos",
                                    "imagem": "https://www.continente.pt/dw/image/v2/BDVS_PRD/on/demandware.static/-/Sites-col-master-catalog/default/dwf71985aa/images/col/569/5699336-cima.jpg?sw=280&sh=280"
                                }
                            ]
                        }
                    ]
                },
                {
                    "name": "Massas Frescas e Noodles",
                    "items": [
                        {
                            "name": "Noodles",
                            "items": [
                                {
                                    "marca": "Continente",
                                    "descricao": "Noodles de Frango",
                                    "preco": "0,54€",
                                    "preco_antigo": null,
                                    "quantidade": "emb. 70 gr",
                                    "precoPorQuantidade": "7,71€/kg",
                                    "link": "https://www.continente.pt/produto/noodles-de-frango-continente-5247341.html?cgid=refeicoes-faceis-massas-noodles",
                                    "imagem": "https://www.continente.pt/dw/image/v2/BDVS_PRD/on/demandware.static/-/Sites-col-master-catalog/default/dw490cd05d/images/col/524/5247341-hero.jpg?sw=280&sh=280"
                                },
                                {
                                    "marca": "Koka",
                                    "descricao": "Massa Instantânea Chinesa Ezy Cook",
                                    "preco": "3,29€",
                                    "preco_antigo": null,
                                    "quantidade": "emb. 375 gr",
                                    "precoPorQuantidade": "8,77€/kg",
                                    "link": "https://www.continente.pt/produto/massa-instantanea-chinesa-ezy-cook-koka-2604185.html?cgid=refeicoes-faceis-massas-noodles",
                                    "imagem": "https://www.continente.pt/dw/image/v2/BDVS_PRD/on/demandware.static/-/Sites-col-master-catalog/default/dw8da8c817/images/col/260/2604185-frente.jpg?sw=280&sh=280"
                                },
                                {
                                    "marca": "Koka",
                                    "descricao": "Massa Instantânea de Arroz Baixo em Gordura",
                                    "preco": "3,35€",
                                    "preco_antigo": null,
                                    "quantidade": "emb. 330 gr",
                                    "precoPorQuantidade": "10,15€/kg",
                                    "link": "https://www.continente.pt/produto/massa-instantanea-de-arroz-baixo-em-gordura-koka-3799695.html?cgid=refeicoes-faceis-massas-noodles",
                                    "imagem": "https://www.continente.pt/dw/image/v2/BDVS_PRD/on/demandware.static/-/Sites-col-master-catalog/default/dw20ba164e/images/col/379/3799695-frente.jpg?sw=280&sh=280"
                                },
                                {
                                    "marca": "Koka",
                                    "descricao": "Massa Instantânea Carne",
                                    "preco": "0,88€",
                                    "preco_antigo": null,
                                    "quantidade": "emb. 85 gr",
                                    "precoPorQuantidade": "10,35€/kg",
                                    "link": "https://www.continente.pt/produto/massa-instantanea-carne-koka-6902534.html?cgid=refeicoes-faceis-massas-noodles",
                                    "imagem": "https://www.continente.pt/dw/image/v2/BDVS_PRD/on/demandware.static/-/Sites-col-master-catalog/default/dw5503c970/images/col/690/6902534-frente.jpg?sw=280&sh=280"
                                },
                                {
                                    "marca": "Koka",
                                    "descricao": "Massa Instantânea Chinesa de Camarão",
                                    "preco": "0,88€",
                                    "preco_antigo": null,
                                    "quantidade": "emb. 85 gr",
                                    "precoPorQuantidade": "10,35€/kg",
                                    "link": "https://www.continente.pt/produto/massa-instantanea-chinesa-de-camarao-koka-2604840.html?cgid=refeicoes-faceis-massas-noodles",
                                    "imagem": "https://www.continente.pt/dw/image/v2/BDVS_PRD/on/demandware.static/-/Sites-col-master-catalog/default/dwe4bdef67/images/col/260/2604840-frente.jpg?sw=280&sh=280"
                                },
                                {
                                    "marca": "Koka",
                                    "descricao": "Massa Instantânea Chinesa de Cogumelos",
                                    "preco": "0,88€",
                                    "preco_antigo": null,
                                    "quantidade": "emb. 85 gr",
                                    "precoPorQuantidade": "10,35€/kg",
                                    "link": "https://www.continente.pt/produto/massa-instantanea-chinesa-de-cogumelos-koka-2604844.html?cgid=refeicoes-faceis-massas-noodles",
                                    "imagem": "https://www.continente.pt/dw/image/v2/BDVS_PRD/on/demandware.static/-/Sites-col-master-catalog/default/dwc63eaf89/images/col/260/2604844-direito.jpg?sw=280&sh=280"
                                },
                                {
                                    "marca": "Koka",
                                    "descricao": "Massa Instantânea Chinesa de Galinha",
                                    "preco": "0,88€",
                                    "preco_antigo": null,
                                    "quantidade": "emb. 85 gr",
                                    "precoPorQuantidade": "10,35€/kg",
                                    "link": "https://www.continente.pt/produto/massa-instantanea-chinesa-de-galinha-koka-2604853.html?cgid=refeicoes-faceis-massas-noodles",
                                    "imagem": "https://www.continente.pt/dw/image/v2/BDVS_PRD/on/demandware.static/-/Sites-col-master-catalog/default/dw6fc7d4c3/images/col/260/2604853-direito.jpg?sw=280&sh=280"
                                },
                                {
                                    "marca": "Koka",
                                    "descricao": "Massa Instantânea Chinesa de Tomate",
                                    "preco": "0,88€",
                                    "preco_antigo": null,
                                    "quantidade": "emb. 85 gr",
                                    "precoPorQuantidade": "10,35€/kg",
                                    "link": "https://www.continente.pt/produto/massa-instantanea-chinesa-de-tomate-koka-3040459.html?cgid=refeicoes-faceis-massas-noodles",
                                    "imagem": "https://www.continente.pt/dw/image/v2/BDVS_PRD/on/demandware.static/-/Sites-col-master-catalog/default/dwbf2a2188/images/col/304/3040459-direito.jpg?sw=280&sh=280"
                                },
                                {
                                    "marca": "Koka",
                                    "descricao": "Massa Instantânea Chinesa de Caril",
                                    "preco": "0,88€",
                                    "preco_antigo": null,
                                    "quantidade": "emb. 85 gr",
                                    "precoPorQuantidade": "10,35€/kg",
                                    "link": "https://www.continente.pt/produto/massa-instantanea-chinesa-de-caril-koka-3040472.html?cgid=refeicoes-faceis-massas-noodles",
                                    "imagem": "https://www.continente.pt/dw/image/v2/BDVS_PRD/on/demandware.static/-/Sites-col-master-catalog/default/dwd88dfc1b/images/col/304/3040472-frente.jpg?sw=280&sh=280"
                                },
                                {
                                    "marca": "Knorr",
                                    "descricao": "Noodles Atração de Queijo",
                                    "preco": "0,80€",
                                    "preco_antigo": null,
                                    "quantidade": "emb. 70 gr",
                                    "precoPorQuantidade": "13,11€/kg",
                                    "link": "https://www.continente.pt/produto/noodles-atracao-de-queijo-knorr-2952997.html?cgid=refeicoes-faceis-massas-noodles",
                                    "imagem": "https://www.continente.pt/dw/image/v2/BDVS_PRD/on/demandware.static/-/Sites-col-master-catalog/default/dw4424c210/images/col/295/2952997-frente.jpg?sw=280&sh=280"
                                },
                                {
                                    "marca": "Knorr",
                                    "descricao": "Noodles Tentação de Galinha",
                                    "preco": "0,80€",
                                    "preco_antigo": null,
                                    "quantidade": "emb. 61 gr",
                                    "precoPorQuantidade": "13,11€/kg",
                                    "link": "https://www.continente.pt/produto/noodles-tentacao-de-galinha-knorr-2953090.html?cgid=refeicoes-faceis-massas-noodles",
                                    "imagem": "https://www.continente.pt/dw/image/v2/BDVS_PRD/on/demandware.static/-/Sites-col-master-catalog/default/dw8620e876/images/col/295/2953090-frente.jpg?sw=280&sh=280"
                                },
                                {
                                    "marca": "Nissin",
                                    "descricao": "Demae Ramen de Galinha",
                                    "preco": "1,49€",
                                    "preco_antigo": null,
                                    "quantidade": "emb. 100 gr",
                                    "precoPorQuantidade": "14,90€/kg",
                                    "link": "https://www.continente.pt/produto/demae-ramen-de-galinha-nissin-6917654.html?cgid=refeicoes-faceis-massas-noodles",
                                    "imagem": "https://www.continente.pt/dw/image/v2/BDVS_PRD/on/demandware.static/-/Sites-col-master-catalog/default/dw6f696613/images/col/691/6917654-frente.jpg?sw=280&sh=280"
                                },
                                {
                                    "marca": "Nissin",
                                    "descricao": "Noodles Chili Soba",
                                    "preco": "1,69€",
                                    "preco_antigo": null,
                                    "quantidade": "emb. 111 gr",
                                    "precoPorQuantidade": "15,23€/kg",
                                    "link": "https://www.continente.pt/produto/noodles-chili-soba-nissin-6917659.html?cgid=refeicoes-faceis-massas-noodles",
                                    "imagem": "https://www.continente.pt/dw/image/v2/BDVS_PRD/on/demandware.static/-/Sites-col-master-catalog/default/dwcc83d776/images/col/691/6917659-frente.jpg?sw=280&sh=280"
                                },
                                {
                                    "marca": "Maggi",
                                    "descricao": "Noodles Fusian Teriyak",
                                    "preco": "1,99€",
                                    "preco_antigo": null,
                                    "quantidade": "emb. 130 gr",
                                    "precoPorQuantidade": "15,31€/kg",
                                    "link": "https://www.continente.pt/produto/noodles-fusian-teriyak-maggi-7612663.html?cgid=refeicoes-faceis-massas-noodles",
                                    "imagem": "https://www.continente.pt/dw/image/v2/BDVS_PRD/on/demandware.static/-/Sites-col-master-catalog/default/dw53724fc7/images/col/761/7612663-frente.jpg?sw=280&sh=280"
                                },
                                {
                                    "marca": "Koala",
                                    "descricao": "Massa Instantânea de Galinha Pot",
                                    "preco": "1,09€",
                                    "preco_antigo": null,
                                    "quantidade": "emb. 65 gr",
                                    "precoPorQuantidade": "16,77€/kg",
                                    "link": "https://www.continente.pt/produto/massa-instantanea-de-galinha-pot-koala-6939206.html?cgid=refeicoes-faceis-massas-noodles",
                                    "imagem": "https://www.continente.pt/dw/image/v2/BDVS_PRD/on/demandware.static/-/Sites-col-master-catalog/default/dwbd210283/images/col/693/6939206-frente.jpg?sw=280&sh=280"
                                },
                                {
                                    "marca": "Maggi",
                                    "descricao": "Noodles Fusion India",
                                    "preco": "1,99€",
                                    "preco_antigo": null,
                                    "quantidade": "emb. 118 gr",
                                    "precoPorQuantidade": "16,86€/kg",
                                    "link": "https://www.continente.pt/produto/noodles-fusion-india-maggi-7612661.html?cgid=refeicoes-faceis-massas-noodles",
                                    "imagem": "https://www.continente.pt/dw/image/v2/BDVS_PRD/on/demandware.static/-/Sites-col-master-catalog/default/dw9ec3d0e6/images/col/761/7612661-frente.jpg?sw=280&sh=280"
                                },
                                {
                                    "marca": "Knorr",
                                    "descricao": "Asia Noodles Pot",
                                    "preco": "1,43€",
                                    "preco_antigo": null,
                                    "quantidade": "emb. 65 gr",
                                    "precoPorQuantidade": "22,00€/kg",
                                    "link": "https://www.continente.pt/produto/asia-noodles-pot-knorr-7377445.html?cgid=refeicoes-faceis-massas-noodles",
                                    "imagem": "https://www.continente.pt/dw/image/v2/BDVS_PRD/on/demandware.static/-/Sites-col-master-catalog/default/dw0533ae72/images/col/737/7377445-hero.jpg?sw=280&sh=280"
                                },
                                {
                                    "marca": "Nissin",
                                    "descricao": "Noodles Clássico Soba",
                                    "preco": "2,39€",
                                    "preco_antigo": null,
                                    "quantidade": "emb. 90 gr",
                                    "precoPorQuantidade": "26,56€/kg",
                                    "link": "https://www.continente.pt/produto/noodles-classico-soba-nissin-6917660.html?cgid=refeicoes-faceis-massas-noodles",
                                    "imagem": "https://www.continente.pt/dw/image/v2/BDVS_PRD/on/demandware.static/-/Sites-col-master-catalog/default/dwd22d8735/images/col/691/6917660-cima.jpg?sw=280&sh=280"
                                },
                                {
                                    "marca": "Nissin",
                                    "descricao": "Noodles Teriyaki Soba Pot",
                                    "preco": "2,39€",
                                    "preco_antigo": null,
                                    "quantidade": "emb. 90 gr",
                                    "precoPorQuantidade": "26,56€/kg",
                                    "link": "https://www.continente.pt/produto/noodles-teriyaki-soba-pot-nissin-6917664.html?cgid=refeicoes-faceis-massas-noodles",
                                    "imagem": "https://www.continente.pt/dw/image/v2/BDVS_PRD/on/demandware.static/-/Sites-col-master-catalog/default/dwd73113b0/images/col/691/6917664-cima.jpg?sw=280&sh=280"
                                },
                                {
                                    "marca": "Nissin",
                                    "descricao": "Noodles Yakitori Galinha Soba Pot",
                                    "preco": "2,39€",
                                    "preco_antigo": null,
                                    "quantidade": "emb. 90 gr",
                                    "precoPorQuantidade": "26,85€/kg",
                                    "link": "https://www.continente.pt/produto/noodles-yakitori-galinha-soba-pot-nissin-6917671.html?cgid=refeicoes-faceis-massas-noodles",
                                    "imagem": "https://www.continente.pt/dw/image/v2/BDVS_PRD/on/demandware.static/-/Sites-col-master-catalog/default/dw1b759551/images/col/691/6917671-cima.jpg?sw=280&sh=280"
                                },
                                {
                                    "marca": "Nissin",
                                    "descricao": "Noodles de Camarão",
                                    "preco": "1,79€",
                                    "preco_antigo": null,
                                    "quantidade": "emb. 63 gr",
                                    "precoPorQuantidade": "28,41€/kg",
                                    "link": "https://www.continente.pt/produto/noodles-de-camarao-nissin-6917632.html?cgid=refeicoes-faceis-massas-noodles",
                                    "imagem": "https://www.continente.pt/dw/image/v2/BDVS_PRD/on/demandware.static/-/Sites-col-master-catalog/default/dw4c764159/images/col/691/6917632-cima.jpg?sw=280&sh=280"
                                },
                                {
                                    "marca": "Nissin",
                                    "descricao": "Noodles Galinha Soba",
                                    "preco": "1,79€",
                                    "preco_antigo": null,
                                    "quantidade": "emb. 63 gr",
                                    "precoPorQuantidade": "28,41€/kg",
                                    "link": "https://www.continente.pt/produto/noodles-galinha-soba-nissin-6917675.html?cgid=refeicoes-faceis-massas-noodles",
                                    "imagem": "https://www.continente.pt/dw/image/v2/BDVS_PRD/on/demandware.static/-/Sites-col-master-catalog/default/dw89f002e6/images/col/691/6917675-cima.jpg?sw=280&sh=280"
                                }
                            ]
                        }
                    ]
                }
            ]
        },
        {
            "name": "Congelados",
            "items": [
                {
                    "name": "Pizzas",
                    "items": [
                        {
                            "marca": "Continente",
                            "descricao": "Pizza Marguerita",
                            "preco": "0,99€",
                            "preco_antigo": null,
                            "quantidade": "emb. 300 gr",
                            "precoPorQuantidade": "3,30€/kg",
                            "link": "https://www.continente.pt/produto/pizza-marguerita-continente-5468982.html?cgid=congelados-pizzas",
                            "imagem": "https://www.continente.pt/dw/image/v2/BDVS_PRD/on/demandware.static/-/Sites-col-master-catalog/default/dw5c8b33df/images/col/546/5468982-hero.jpg?sw=280&sh=280"
                        },
                        {
                            "marca": "Continente Fácil & Bom",
                            "descricao": "Pizza Romana",
                            "preco": "1,99€",
                            "preco_antigo": null,
                            "quantidade": "emb. 350 gr",
                            "precoPorQuantidade": "5,69€/kg",
                            "link": "https://www.continente.pt/produto/pizza-romana-continente-facil-bom-7252666.html?cgid=congelados-pizzas",
                            "imagem": "https://www.continente.pt/dw/image/v2/BDVS_PRD/on/demandware.static/-/Sites-col-master-catalog/default/dw81614039/images/col/725/7252666-hero.jpg?sw=280&sh=280"
                        },
                        {
                            "marca": "Continente",
                            "descricao": "Pizza Carbonara",
                            "preco": "1,99€",
                            "preco_antigo": null,
                            "quantidade": "emb. 340 gr",
                            "precoPorQuantidade": "5,85€/kg",
                            "link": "https://www.continente.pt/produto/pizza-carbonara-continente-7520332.html?cgid=congelados-pizzas",
                            "imagem": "https://www.continente.pt/dw/image/v2/BDVS_PRD/on/demandware.static/-/Sites-col-master-catalog/default/dwb536ca5a/images/col/752/7520332-hero.jpg?sw=280&sh=280"
                        },
                        {
                            "marca": "Continente Seleção",
                            "descricao": "Pizza Capricciosa",
                            "preco": "2,99€",
                            "preco_antigo": null,
                            "quantidade": "emb. 400 gr",
                            "precoPorQuantidade": "7,48€/kg",
                            "link": "https://www.continente.pt/produto/pizza-capricciosa-continente-selecao-6583845.html?cgid=congelados-pizzas",
                            "imagem": "https://www.continente.pt/dw/image/v2/BDVS_PRD/on/demandware.static/-/Sites-col-master-catalog/default/dwba30ed56/images/col/658/6583845-hero.jpg?sw=280&sh=280"
                        },
                        {
                            "marca": "Iglo",
                            "descricao": "Pizza Massa Fina Gran Formaggio",
                            "preco": "4,19€",
                            "preco_antigo": null,
                            "quantidade": "emb. 555 gr",
                            "precoPorQuantidade": "7,55€/kg",
                            "link": "https://www.continente.pt/produto/pizza-massa-fina-gran-formaggio-iglo-6925860.html?cgid=congelados-pizzas",
                            "imagem": "https://www.continente.pt/dw/image/v2/BDVS_PRD/on/demandware.static/-/Sites-col-master-catalog/default/dw18019fc7/images/col/692/6925860-direito.jpg?sw=280&sh=280"
                        },
                        {
                            "marca": "Iglo",
                            "descricao": "Pizza Massa Fina Fiambre e Queijo",
                            "preco": "2,79€",
                            "preco_antigo": null,
                            "quantidade": "emb. 351 gr",
                            "precoPorQuantidade": "7,95€/kg",
                            "link": "https://www.continente.pt/produto/pizza-massa-fina-fiambre-e-queijo-iglo-7363331.html?cgid=congelados-pizzas",
                            "imagem": "https://www.continente.pt/dw/image/v2/BDVS_PRD/on/demandware.static/-/Sites-col-master-catalog/default/dwa6b9246f/images/col/736/7363331-frente.jpg?sw=280&sh=280"
                        },
                        {
                            "marca": "Iglo",
                            "descricao": "Pizza Massa Fina Gran Pepperoni",
                            "preco": "4,19€",
                            "preco_antigo": null,
                            "quantidade": "emb. 524 gr",
                            "precoPorQuantidade": "8,00€/kg",
                            "link": "https://www.continente.pt/produto/pizza-massa-fina-gran-pepperoni-iglo-7292595.html?cgid=congelados-pizzas",
                            "imagem": "https://www.continente.pt/dw/image/v2/BDVS_PRD/on/demandware.static/-/Sites-col-master-catalog/default/dwd1b8b1f5/images/col/729/7292595-direito.jpg?sw=280&sh=280"
                        },
                        {
                            "marca": "Iglo Take Away",
                            "descricao": "Pizza Deep Pan 3 Queijos",
                            "preco": "3,49€",
                            "preco_antigo": null,
                            "quantidade": "emb. 421 gr",
                            "precoPorQuantidade": "8,29€/kg",
                            "link": "https://www.continente.pt/produto/pizza-deep-pan-3-queijos-iglo-take-away-7576797.html?cgid=congelados-pizzas",
                            "imagem": "https://www.continente.pt/dw/image/v2/BDVS_PRD/on/demandware.static/-/Sites-col-master-catalog/default/dwb364addb/images/col/757/7576797-direito.jpg?sw=280&sh=280"
                        },
                        {
                            "marca": "Iglo",
                            "descricao": "Pizza Massa Fina Pepperoni",
                            "preco": "2,79€",
                            "preco_antigo": null,
                            "quantidade": "emb. 332 gr",
                            "precoPorQuantidade": "8,40€/kg",
                            "link": "https://www.continente.pt/produto/pizza-massa-fina-pepperoni-iglo-7326557.html?cgid=congelados-pizzas",
                            "imagem": "https://www.continente.pt/dw/image/v2/BDVS_PRD/on/demandware.static/-/Sites-col-master-catalog/default/dwcd481144/images/col/732/7326557-direito.jpg?sw=280&sh=280"
                        },
                        {
                            "marca": "Continente Seleção",
                            "descricao": "Pizza Marguerita",
                            "preco": "2,99€",
                            "preco_antigo": null,
                            "quantidade": "emb. 350 gr",
                            "precoPorQuantidade": "8,54€/kg",
                            "link": "https://www.continente.pt/produto/pizza-marguerita-continente-selecao-6583859.html?cgid=congelados-pizzas",
                            "imagem": "https://www.continente.pt/dw/image/v2/BDVS_PRD/on/demandware.static/-/Sites-col-master-catalog/default/dw910ecb0a/images/col/658/6583859-hero.jpg?sw=280&sh=280"
                        },
                        {
                            "marca": "Iglo Take Away",
                            "descricao": "Mini Pizzas Pepperoni",
                            "preco": "3,49€",
                            "preco_antigo": null,
                            "quantidade": "emb. 372 gr (4 un)",
                            "precoPorQuantidade": "9,38€/kg",
                            "link": "https://www.continente.pt/produto/mini-pizzas-pepperoni-iglo-take-away-7576794.html?cgid=congelados-pizzas",
                            "imagem": "https://www.continente.pt/dw/image/v2/BDVS_PRD/on/demandware.static/-/Sites-col-master-catalog/default/dw38b61f05/images/col/757/7576794-direito.jpg?sw=280&sh=280"
                        },
                        {
                            "marca": "Iglo Take Away",
                            "descricao": "Mini Pizzas 4 Queijos",
                            "preco": "3,49€",
                            "preco_antigo": null,
                            "quantidade": "emb. 372 gr (4 un)",
                            "precoPorQuantidade": "9,38€/kg",
                            "link": "https://www.continente.pt/produto/mini-pizzas-4-queijos-iglo-take-away-7576793.html?cgid=congelados-pizzas",
                            "imagem": "https://www.continente.pt/dw/image/v2/BDVS_PRD/on/demandware.static/-/Sites-col-master-catalog/default/dw29ba9cc9/images/col/757/7576793-direito.jpg?sw=280&sh=280"
                        },
                        {
                            "marca": "Ristorante",
                            "descricao": "Pizza Ristorante de Espinafres",
                            "preco": "3,69€",
                            "preco_antigo": null,
                            "quantidade": "emb. 407 gr",
                            "precoPorQuantidade": "9,46€/kg",
                            "link": "https://www.continente.pt/produto/pizza-ristorante-de-espinafres-ristorante-3002460.html?cgid=congelados-pizzas",
                            "imagem": "https://www.continente.pt/dw/image/v2/BDVS_PRD/on/demandware.static/-/Sites-col-master-catalog/default/dw4cec091e/images/col/300/3002460-direito.jpg?sw=280&sh=280"
                        },
                        {
                            "marca": "Ristorante",
                            "descricao": "Pizza Ristorante Bolonhesa",
                            "preco": "3,69€",
                            "preco_antigo": null,
                            "quantidade": "emb. 395 gr",
                            "precoPorQuantidade": "9,84€/kg",
                            "link": "https://www.continente.pt/produto/pizza-ristorante-bolonhesa-ristorante-4470616.html?cgid=congelados-pizzas",
                            "imagem": "https://www.continente.pt/dw/image/v2/BDVS_PRD/on/demandware.static/-/Sites-col-master-catalog/default/dwfc0f2e99/images/col/447/4470616-direito.jpg?sw=280&sh=280"
                        },
                        {
                            "marca": "Ristorante",
                            "descricao": "Pizza Ristorante de Cogumelos",
                            "preco": "3,69€",
                            "preco_antigo": null,
                            "quantidade": "emb. 380 gr",
                            "precoPorQuantidade": "10,11€/kg",
                            "link": "https://www.continente.pt/produto/pizza-ristorante-de-cogumelos-ristorante-4075240.html?cgid=congelados-pizzas",
                            "imagem": "https://www.continente.pt/dw/image/v2/BDVS_PRD/on/demandware.static/-/Sites-col-master-catalog/default/dw80db2dbe/images/col/407/4075240-direito.jpg?sw=280&sh=280"
                        },
                        {
                            "marca": "Ristorante",
                            "descricao": "Pizza Ristorante de Salame, Mozzarella e Pesto",
                            "preco": "3,69€",
                            "preco_antigo": null,
                            "quantidade": "emb. 380 gr",
                            "precoPorQuantidade": "10,25€/kg",
                            "link": "https://www.continente.pt/produto/pizza-ristorante-de-salame-mozzarella-e-pesto-ristorante-4720142.html?cgid=congelados-pizzas",
                            "imagem": "https://www.continente.pt/dw/image/v2/BDVS_PRD/on/demandware.static/-/Sites-col-master-catalog/default/dwc28d4017/images/col/472/4720142-direito.jpg?sw=280&sh=280"
                        },
                        {
                            "marca": "Ristorante",
                            "descricao": "Pizza Ristorante de Frango",
                            "preco": "3,69€",
                            "preco_antigo": null,
                            "quantidade": "emb. 375 gr",
                            "precoPorQuantidade": "10,39€/kg",
                            "link": "https://www.continente.pt/produto/pizza-ristorante-de-frango-ristorante-3796750.html?cgid=congelados-pizzas",
                            "imagem": "https://www.continente.pt/dw/image/v2/BDVS_PRD/on/demandware.static/-/Sites-col-master-catalog/default/dw3bb8d00c/images/col/379/3796750-direito.jpg?sw=280&sh=280"
                        },
                        {
                            "marca": "Ristorante",
                            "descricao": "Pizza Ristorante de Atum",
                            "preco": "3,69€",
                            "preco_antigo": null,
                            "quantidade": "emb. 355 gr",
                            "precoPorQuantidade": "10,39€/kg",
                            "link": "https://www.continente.pt/produto/pizza-ristorante-de-atum-ristorante-3002475.html?cgid=congelados-pizzas",
                            "imagem": "https://www.continente.pt/dw/image/v2/BDVS_PRD/on/demandware.static/-/Sites-col-master-catalog/default/dwa4601f0a/images/col/300/3002475-direito.jpg?sw=280&sh=280"
                        },
                        {
                            "marca": "Ristorante",
                            "descricao": "Pizza Ristorante Hawai",
                            "preco": "3,69€",
                            "preco_antigo": null,
                            "quantidade": "emb. 375 gr",
                            "precoPorQuantidade": "10,39€/kg",
                            "link": "https://www.continente.pt/produto/pizza-ristorante-hawai-ristorante-3002428.html?cgid=congelados-pizzas",
                            "imagem": "https://www.continente.pt/dw/image/v2/BDVS_PRD/on/demandware.static/-/Sites-col-master-catalog/default/dw2da4513e/images/col/300/3002428-direito.jpg?sw=280&sh=280"
                        },
                        {
                            "marca": "Ristorante",
                            "descricao": "Pizza Mozzarella",
                            "preco": "3,69€",
                            "preco_antigo": null,
                            "quantidade": "emb. 355 gr",
                            "precoPorQuantidade": "10,39€/kg",
                            "link": "https://www.continente.pt/produto/pizza-mozzarella-ristorante-7577212.html?cgid=congelados-pizzas",
                            "imagem": "https://www.continente.pt/dw/image/v2/BDVS_PRD/on/demandware.static/-/Sites-col-master-catalog/default/dw11b1ab94/images/col/757/7577212-direito.jpg?sw=280&sh=280"
                        },
                        {
                            "marca": "Ristorante",
                            "descricao": "Pizza Ristorante de Fiambre e Cogumelos",
                            "preco": "3,69€",
                            "preco_antigo": null,
                            "quantidade": "emb. 370 gr",
                            "precoPorQuantidade": "10,54€/kg",
                            "link": "https://www.continente.pt/produto/pizza-ristorante-de-fiambre-e-cogumelos-ristorante-4883398.html?cgid=congelados-pizzas",
                            "imagem": "https://www.continente.pt/dw/image/v2/BDVS_PRD/on/demandware.static/-/Sites-col-master-catalog/default/dw1088bbcb/images/col/488/4883398-direito.jpg?sw=280&sh=280"
                        },
                        {
                            "marca": "Ristorante",
                            "descricao": "Pizza Speciale",
                            "preco": "3,69€",
                            "preco_antigo": null,
                            "quantidade": "emb. 345 gr",
                            "precoPorQuantidade": "10,70€/kg",
                            "link": "https://www.continente.pt/produto/pizza-speciale-ristorante-7577215.html?cgid=congelados-pizzas",
                            "imagem": "https://www.continente.pt/dw/image/v2/BDVS_PRD/on/demandware.static/-/Sites-col-master-catalog/default/dw82af7e6c/images/col/757/7577215-direito.jpg?sw=280&sh=280"
                        },
                        {
                            "marca": "Ristorante",
                            "descricao": "Pizza Ristorante de Mozzarella sem Glúten",
                            "preco": "3,99€",
                            "preco_antigo": null,
                            "quantidade": "emb. 370 gr",
                            "precoPorQuantidade": "10,78€/kg",
                            "link": "https://www.continente.pt/produto/pizza-ristorante-de-mozzarella-sem-gluten-ristorante-5962595.html?cgid=congelados-pizzas",
                            "imagem": "https://www.continente.pt/dw/image/v2/BDVS_PRD/on/demandware.static/-/Sites-col-master-catalog/default/dw0fa5d8de/images/col/596/5962595-direito.jpg?sw=280&sh=280"
                        },
                        {
                            "marca": "Ristorante",
                            "descricao": "Pizza Ristorante Carbonara",
                            "preco": "3,69€",
                            "preco_antigo": null,
                            "quantidade": "emb. 340 gr",
                            "precoPorQuantidade": "10,85€/kg",
                            "link": "https://www.continente.pt/produto/pizza-ristorante-carbonara-ristorante-5424943.html?cgid=congelados-pizzas",
                            "imagem": "https://www.continente.pt/dw/image/v2/BDVS_PRD/on/demandware.static/-/Sites-col-master-catalog/default/dwe0ecc49b/images/col/542/5424943-direito.jpg?sw=280&sh=280"
                        },
                        {
                            "marca": "Ristorante",
                            "descricao": "Pizza Prosciutto",
                            "preco": "3,69€",
                            "preco_antigo": null,
                            "quantidade": "emb. 340 gr",
                            "precoPorQuantidade": "10,85€/kg",
                            "link": "https://www.continente.pt/produto/pizza-prosciutto-ristorante-7577214.html?cgid=congelados-pizzas",
                            "imagem": "https://www.continente.pt/dw/image/v2/BDVS_PRD/on/demandware.static/-/Sites-col-master-catalog/default/dw94f36dd7/images/col/757/7577214-direito.jpg?sw=280&sh=280"
                        },
                        {
                            "marca": "Forno Di Pietra",
                            "descricao": "Pizza Forno Di Pietra Hawai",
                            "preco": "4,25€",
                            "preco_antigo": null,
                            "quantidade": "emb. 380 gr",
                            "precoPorQuantidade": "11,18€/kg",
                            "link": "https://www.continente.pt/produto/pizza-forno-di-pietra-hawai-forno-di-pietra-6771356.html?cgid=congelados-pizzas",
                            "imagem": "https://www.continente.pt/dw/image/v2/BDVS_PRD/on/demandware.static/-/Sites-col-master-catalog/default/dwb0ba5d89/col/677/6771356_frente.jpg?sw=280&sh=280"
                        },
                        {
                            "marca": "Ristorante",
                            "descricao": "Pizza Ristorante de Quatro Queijos",
                            "preco": "3,69€",
                            "preco_antigo": null,
                            "quantidade": "emb. 361 gr",
                            "precoPorQuantidade": "11,53€/kg",
                            "link": "https://www.continente.pt/produto/pizza-ristorante-de-quatro-queijos-ristorante-3002456.html?cgid=congelados-pizzas",
                            "imagem": "https://www.continente.pt/dw/image/v2/BDVS_PRD/on/demandware.static/-/Sites-col-master-catalog/default/dw76c16153/images/col/300/3002456-direito.jpg?sw=280&sh=280"
                        },
                        {
                            "marca": "Ristorante",
                            "descricao": "Pizza Ristorante de Pepperoni e Salame",
                            "preco": "3,69€",
                            "preco_antigo": null,
                            "quantidade": "emb. 337 gr",
                            "precoPorQuantidade": "11,53€/kg",
                            "link": "https://www.continente.pt/produto/pizza-ristorante-de-pepperoni-e-salame-ristorante-3002399.html?cgid=congelados-pizzas",
                            "imagem": "https://www.continente.pt/dw/image/v2/BDVS_PRD/on/demandware.static/-/Sites-col-master-catalog/default/dw170f08a7/images/col/300/3002399-direito.jpg?sw=280&sh=280"
                        },
                        {
                            "marca": "Ristorante",
                            "descricao": "Pizza Ristorante de Salame",
                            "preco": "3,69€",
                            "preco_antigo": null,
                            "quantidade": "emb. 332 gr",
                            "precoPorQuantidade": "11,53€/kg",
                            "link": "https://www.continente.pt/produto/pizza-ristorante-de-salame-ristorante-5069918.html?cgid=congelados-pizzas",
                            "imagem": "https://www.continente.pt/dw/image/v2/BDVS_PRD/on/demandware.static/-/Sites-col-master-catalog/default/dw426b9d41/images/col/506/5069918-direito.jpg?sw=280&sh=280"
                        },
                        {
                            "marca": "Bella Napoli",
                            "descricao": "Pizza Verdure",
                            "preco": "5,49€",
                            "preco_antigo": null,
                            "quantidade": "emb. 470 gr",
                            "precoPorQuantidade": "11,68€/kg",
                            "link": "https://www.continente.pt/produto/pizza-verdure-bella-napoli-7574905.html?cgid=congelados-pizzas",
                            "imagem": "https://www.continente.pt/dw/image/v2/BDVS_PRD/on/demandware.static/-/Sites-col-master-catalog/default/dw92863b4f/images/col/757/7574905-frente.jpg?sw=280&sh=280"
                        },
                        {
                            "marca": "Ristorante",
                            "descricao": "Pizza Marguerita Vegan",
                            "preco": "3,99€",
                            "preco_antigo": null,
                            "quantidade": "emb. 340 gr",
                            "precoPorQuantidade": "11,74€/kg",
                            "link": "https://www.continente.pt/produto/pizza-marguerita-vegan-ristorante-7400531.html?cgid=congelados-pizzas",
                            "imagem": "https://www.continente.pt/dw/image/v2/BDVS_PRD/on/demandware.static/-/Sites-col-master-catalog/default/dw350eb395/images/col/740/7400531-direito.jpg?sw=280&sh=280"
                        },
                        {
                            "marca": "Iglo Take Away",
                            "descricao": "Pizza Snacks 3 Queijos",
                            "preco": "2,99€",
                            "preco_antigo": null,
                            "quantidade": "emb. 250 gr (2 un)",
                            "precoPorQuantidade": "11,96€/kg",
                            "link": "https://www.continente.pt/produto/pizza-snacks-3-queijos-iglo-take-away-7576788.html?cgid=congelados-pizzas",
                            "imagem": "https://www.continente.pt/dw/image/v2/BDVS_PRD/on/demandware.static/-/Sites-col-master-catalog/default/dwa0133d7d/images/col/757/7576788-direito.jpg?sw=280&sh=280"
                        },
                        {
                            "marca": "Iglo Take Away",
                            "descricao": "Pizza Snacks Pepperoni",
                            "preco": "2,99€",
                            "preco_antigo": null,
                            "quantidade": "emb. 250 gr (2 un)",
                            "precoPorQuantidade": "11,96€/kg",
                            "link": "https://www.continente.pt/produto/pizza-snacks-pepperoni-iglo-take-away-7576790.html?cgid=congelados-pizzas",
                            "imagem": "https://www.continente.pt/dw/image/v2/BDVS_PRD/on/demandware.static/-/Sites-col-master-catalog/default/dwa8c51d8b/images/col/757/7576790-direito.jpg?sw=280&sh=280"
                        },
                        {
                            "marca": "Forno Di Pietra",
                            "descricao": "Pizza Forno Di Pietra de Fiambre e Queijo",
                            "preco": "4,25€",
                            "preco_antigo": null,
                            "quantidade": "emb. 350 gr",
                            "precoPorQuantidade": "12,14€/kg",
                            "link": "https://www.continente.pt/produto/pizza-forno-di-pietra-de-fiambre-e-queijo-forno-di-pietra-6772594.html?cgid=congelados-pizzas",
                            "imagem": "https://www.continente.pt/dw/image/v2/BDVS_PRD/on/demandware.static/-/Sites-col-master-catalog/default/dw9734936a/col/677/6772594_frente.jpg?sw=280&sh=280"
                        },
                        {
                            "marca": "Forno Di Pietra",
                            "descricao": "Pizza Forno Di Pietra Caprese",
                            "preco": "4,25€",
                            "preco_antigo": null,
                            "quantidade": "emb. 350 gr",
                            "precoPorQuantidade": "12,14€/kg",
                            "link": "https://www.continente.pt/produto/pizza-forno-di-pietra-caprese-forno-di-pietra-6771145.html?cgid=congelados-pizzas",
                            "imagem": "https://www.continente.pt/dw/image/v2/BDVS_PRD/on/demandware.static/-/Sites-col-master-catalog/default/dw7b34f41f/col/677/6771145_frente.jpg?sw=280&sh=280"
                        },
                        {
                            "marca": "Forno Di Pietra",
                            "descricao": "Pizza Forno Di Pietra de Atum",
                            "preco": "4,25€",
                            "preco_antigo": null,
                            "quantidade": "emb. 345 gr",
                            "precoPorQuantidade": "12,32€/kg",
                            "link": "https://www.continente.pt/produto/pizza-forno-di-pietra-de-atum-forno-di-pietra-6771155.html?cgid=congelados-pizzas",
                            "imagem": "https://www.continente.pt/dw/image/v2/BDVS_PRD/on/demandware.static/-/Sites-col-master-catalog/default/dwc86392a7/col/677/6771155_frente.jpg?sw=280&sh=280"
                        },
                        {
                            "marca": "Forno Di Pietra",
                            "descricao": "Pizza Forno Di Pietra Fiambre e Cogumelos",
                            "preco": "4,25€",
                            "preco_antigo": null,
                            "quantidade": "emb. 340 gr",
                            "precoPorQuantidade": "12,50€/kg",
                            "link": "https://www.continente.pt/produto/pizza-forno-di-pietra-fiambre-e-cogumelos-forno-di-pietra-6771158.html?cgid=congelados-pizzas",
                            "imagem": "https://www.continente.pt/dw/image/v2/BDVS_PRD/on/demandware.static/-/Sites-col-master-catalog/default/dwa82a40f2/col/677/6771158_frente.jpg?sw=280&sh=280"
                        },
                        {
                            "marca": "Forno Di Pietra",
                            "descricao": "Pizza Forno Di Pietra Carbonara",
                            "preco": "4,25€",
                            "preco_antigo": null,
                            "quantidade": "emb. 300 gr",
                            "precoPorQuantidade": "12,50€/kg",
                            "link": "https://www.continente.pt/produto/pizza-forno-di-pietra-carbonara-forno-di-pietra-6771368.html?cgid=congelados-pizzas",
                            "imagem": "https://www.continente.pt/dw/image/v2/BDVS_PRD/on/demandware.static/-/Sites-col-master-catalog/default/dwf674b3e7/col/677/6771368_frente.jpg?sw=280&sh=280"
                        },
                        {
                            "marca": "Forno Di Pietra",
                            "descricao": "Pizza Forno Di Pietra Diavola",
                            "preco": "4,25€",
                            "preco_antigo": null,
                            "quantidade": "emb. 340 gr",
                            "precoPorQuantidade": "12,50€/kg",
                            "link": "https://www.continente.pt/produto/pizza-forno-di-pietra-diavola-forno-di-pietra-6771121.html?cgid=congelados-pizzas",
                            "imagem": "https://www.continente.pt/dw/image/v2/BDVS_PRD/on/demandware.static/-/Sites-col-master-catalog/default/dw56d0f6fa/col/677/6771121_frente.jpg?sw=280&sh=280"
                        },
                        {
                            "marca": "Forno Di Pietra",
                            "descricao": "Pizza Forno Di Pietra de 4 Queijos",
                            "preco": "4,25€",
                            "preco_antigo": null,
                            "quantidade": "emb. 340 gr",
                            "precoPorQuantidade": "12,50€/kg",
                            "link": "https://www.continente.pt/produto/pizza-forno-di-pietra-de-4-queijos-forno-di-pietra-6751757.html?cgid=congelados-pizzas",
                            "imagem": "https://www.continente.pt/dw/image/v2/BDVS_PRD/on/demandware.static/-/Sites-col-master-catalog/default/dwd880b026/col/675/6751757_frente.jpg?sw=280&sh=280"
                        },
                        {
                            "marca": "Forno Di Pietra",
                            "descricao": "Pizza Forno Di Pietra 4 Estações",
                            "preco": "4,25€",
                            "preco_antigo": null,
                            "quantidade": "emb. 335 gr",
                            "precoPorQuantidade": "12,50€/kg",
                            "link": "https://www.continente.pt/produto/pizza-forno-di-pietra-4-estacoes-forno-di-pietra-6771361.html?cgid=congelados-pizzas",
                            "imagem": "https://www.continente.pt/dw/image/v2/BDVS_PRD/on/demandware.static/-/Sites-col-master-catalog/default/dwa5b877b4/col/677/6771361_frente.jpg?sw=280&sh=280"
                        },
                        {
                            "marca": "Ristorante",
                            "descricao": "Pizza Ristorante de Salame sem Glúten",
                            "preco": "3,99€",
                            "preco_antigo": null,
                            "quantidade": "emb. 315 gr",
                            "precoPorQuantidade": "12,67€/kg",
                            "link": "https://www.continente.pt/produto/pizza-ristorante-de-salame-sem-gluten-ristorante-5962602.html?cgid=congelados-pizzas",
                            "imagem": "https://www.continente.pt/dw/image/v2/BDVS_PRD/on/demandware.static/-/Sites-col-master-catalog/default/dwd88010d4/images/col/596/5962602-direito.jpg?sw=280&sh=280"
                        },
                        {
                            "marca": "Tradizionale",
                            "descricao": "Pizza Spinaci e Ricotta",
                            "preco": "5,49€",
                            "preco_antigo": null,
                            "quantidade": "emb. 415 gr",
                            "precoPorQuantidade": "13,23€/kg",
                            "link": "https://www.continente.pt/produto/pizza-spinaci-e-ricotta-tradizionale-7541597.html?cgid=congelados-pizzas",
                            "imagem": "https://www.continente.pt/dw/image/v2/BDVS_PRD/on/demandware.static/-/Sites-col-master-catalog/default/dw4f18c267/images/col/754/7541597-direito.jpg?sw=280&sh=280"
                        },
                        {
                            "marca": "Bella Napoli",
                            "descricao": "Pizza Fiambre e Cogumelos",
                            "preco": "5,49€",
                            "preco_antigo": null,
                            "quantidade": "emb. 415 gr",
                            "precoPorQuantidade": "13,23€/kg",
                            "link": "https://www.continente.pt/produto/pizza-fiambre-e-cogumelos-bella-napoli-7287117.html?cgid=congelados-pizzas",
                            "imagem": "https://www.continente.pt/dw/image/v2/BDVS_PRD/on/demandware.static/-/Sites-col-master-catalog/default/dw901a0694/images/col/728/7287117-frente.jpg?sw=280&sh=280"
                        },
                        {
                            "marca": "Casa Di Mama",
                            "descricao": "Pizza Hawai",
                            "preco": "5,49€",
                            "preco_antigo": null,
                            "quantidade": "emb. 415 gr",
                            "precoPorQuantidade": "13,23€/kg",
                            "link": "https://www.continente.pt/produto/pizza-hawai-casa-di-mama-7541591.html?cgid=congelados-pizzas",
                            "imagem": "https://www.continente.pt/dw/image/v2/BDVS_PRD/on/demandware.static/-/Sites-col-master-catalog/default/dw71d31af9/images/col/754/7541591-direito.jpg?sw=280&sh=280"
                        },
                        {
                            "marca": "Tradizionale",
                            "descricao": "Pizza Pancetta Delicata",
                            "preco": "5,49€",
                            "preco_antigo": null,
                            "quantidade": "emb. 390 gr",
                            "precoPorQuantidade": "14,08€/kg",
                            "link": "https://www.continente.pt/produto/pizza-pancetta-delicata-tradizionale-7541595.html?cgid=congelados-pizzas",
                            "imagem": "https://www.continente.pt/dw/image/v2/BDVS_PRD/on/demandware.static/-/Sites-col-master-catalog/default/dw2c522c8b/images/col/754/7541595-direito.jpg?sw=280&sh=280"
                        },
                        {
                            "marca": "Casa Di Mama",
                            "descricao": "Pizza Casa di Mama de Salame",
                            "preco": "5,49€",
                            "preco_antigo": null,
                            "quantidade": "emb. 405 gr",
                            "precoPorQuantidade": "14,08€/kg",
                            "link": "https://www.continente.pt/produto/pizza-casa-di-mama-de-salame-casa-di-mama-4099009.html?cgid=congelados-pizzas",
                            "imagem": "https://www.continente.pt/dw/image/v2/BDVS_PRD/on/demandware.static/-/Sites-col-master-catalog/default/dw9a33b7f3/images/col/409/4099009-direito.jpg?sw=280&sh=280"
                        },
                        {
                            "marca": "Tradizionale",
                            "descricao": "Pizza Mozzarella e Pesto",
                            "preco": "5,49€",
                            "preco_antigo": null,
                            "quantidade": "emb. 390 gr",
                            "precoPorQuantidade": "14,08€/kg",
                            "link": "https://www.continente.pt/produto/pizza-mozzarella-e-pesto-tradizionale-7541598.html?cgid=congelados-pizzas",
                            "imagem": "https://www.continente.pt/dw/image/v2/BDVS_PRD/on/demandware.static/-/Sites-col-master-catalog/default/dwdb556b5c/images/col/754/7541598-direito.jpg?sw=280&sh=280"
                        },
                        {
                            "marca": "Tradizionale",
                            "descricao": "Pizza Salame Romano",
                            "preco": "5,49€",
                            "preco_antigo": null,
                            "quantidade": "emb. 385 gr",
                            "precoPorQuantidade": "14,26€/kg",
                            "link": "https://www.continente.pt/produto/pizza-salame-romano-tradizionale-7541594.html?cgid=congelados-pizzas",
                            "imagem": "https://www.continente.pt/dw/image/v2/BDVS_PRD/on/demandware.static/-/Sites-col-master-catalog/default/dwcd4a2d41/images/col/754/7541594-direito.jpg?sw=280&sh=280"
                        },
                        {
                            "marca": "Casa Di Mama",
                            "descricao": "Pizza Marguerita",
                            "preco": "5,25€",
                            "preco_antigo": null,
                            "quantidade": "emb. 365 gr",
                            "precoPorQuantidade": "14,38€/kg",
                            "link": "https://www.continente.pt/produto/pizza-marguerita-casa-di-mama-7400532.html?cgid=congelados-pizzas",
                            "imagem": "https://www.continente.pt/dw/image/v2/BDVS_PRD/on/demandware.static/-/Sites-col-master-catalog/default/dw8ca396b6/images/col/740/7400532-direito.jpg?sw=280&sh=280"
                        },
                        {
                            "marca": "Casa Di Mama",
                            "descricao": "Pizza Casa di Mama de Fiambre e Cogumelos",
                            "preco": "5,49€",
                            "preco_antigo": null,
                            "quantidade": "emb. 420 gr",
                            "precoPorQuantidade": "14,45€/kg",
                            "link": "https://www.continente.pt/produto/pizza-casa-di-mama-de-fiambre-e-cogumelos-casa-di-mama-4099011.html?cgid=congelados-pizzas",
                            "imagem": "https://www.continente.pt/dw/image/v2/BDVS_PRD/on/demandware.static/-/Sites-col-master-catalog/default/dwd17fbd35/images/col/409/4099011-direito.jpg?sw=280&sh=280"
                        },
                        {
                            "marca": "Piccolinis",
                            "descricao": "Mini Pizzas Piccolinis de Três Queijos",
                            "preco": "3,99€",
                            "preco_antigo": null,
                            "quantidade": "emb. 270 gr (9 un)",
                            "precoPorQuantidade": "14,78€/kg",
                            "link": "https://www.continente.pt/produto/mini-pizzas-piccolinis-de-tres-queijos-piccolinis-3052233.html?cgid=congelados-pizzas",
                            "imagem": "https://www.continente.pt/dw/image/v2/BDVS_PRD/on/demandware.static/-/Sites-col-master-catalog/default/dwd8a7e987/images/col/305/3052233-frente.jpg?sw=280&sh=280"
                        },
                        {
                            "marca": "Piccolinis",
                            "descricao": "Mini Pizzas Piccolinis de Tomate e Mozzarella",
                            "preco": "3,99€",
                            "preco_antigo": null,
                            "quantidade": "emb. 270 gr (9 un)",
                            "precoPorQuantidade": "14,78€/kg",
                            "link": "https://www.continente.pt/produto/mini-pizzas-piccolinis-de-tomate-e-mozzarella-piccolinis-5548894.html?cgid=congelados-pizzas",
                            "imagem": "https://www.continente.pt/dw/image/v2/BDVS_PRD/on/demandware.static/-/Sites-col-master-catalog/default/dw8b2da535/images/col/554/5548894-frente.jpg?sw=280&sh=280"
                        },
                        {
                            "marca": "Piccolinis",
                            "descricao": "Mini Pizzas Piccolinis de Salsicha",
                            "preco": "3,99€",
                            "preco_antigo": null,
                            "quantidade": "emb. 270 gr (9 un)",
                            "precoPorQuantidade": "14,78€/kg",
                            "link": "https://www.continente.pt/produto/mini-pizzas-piccolinis-de-salsicha-piccolinis-5519021.html?cgid=congelados-pizzas",
                            "imagem": "https://www.continente.pt/dw/image/v2/BDVS_PRD/on/demandware.static/-/Sites-col-master-catalog/default/dw0aae75bf/images/col/551/5519021-frente.jpg?sw=280&sh=280"
                        },
                        {
                            "marca": "Piccolinis",
                            "descricao": "Mini Pizzas Piccolinis Dal Mondo Mexicana",
                            "preco": "3,99€",
                            "preco_antigo": null,
                            "quantidade": "emb. 270 gr ( 9 un)",
                            "precoPorQuantidade": "14,78€/kg",
                            "link": "https://www.continente.pt/produto/mini-pizzas-piccolinis-dal-mondo-mexicana-piccolinis-6771126.html?cgid=congelados-pizzas",
                            "imagem": "https://www.continente.pt/dw/image/v2/BDVS_PRD/on/demandware.static/-/Sites-col-master-catalog/default/dw43fc339f/images/col/677/6771126-frente.jpg?sw=280&sh=280"
                        },
                        {
                            "marca": "Piccolinis",
                            "descricao": "Mini Pizzas Piccolinis de Salame",
                            "preco": "3,99€",
                            "preco_antigo": null,
                            "quantidade": "emb. 270 gr (9 un)",
                            "precoPorQuantidade": "14,78€/kg",
                            "link": "https://www.continente.pt/produto/mini-pizzas-piccolinis-de-salame-piccolinis-5779979.html?cgid=congelados-pizzas",
                            "imagem": "https://www.continente.pt/dw/image/v2/BDVS_PRD/on/demandware.static/-/Sites-col-master-catalog/default/dw6c45fa10/images/col/577/5779979-frente.jpg?sw=280&sh=280"
                        },
                        {
                            "marca": "Piccolinis",
                            "descricao": "Mini Pizzas Piccolinis de Fiambre e Queijo",
                            "preco": "3,99€",
                            "preco_antigo": null,
                            "quantidade": "emb. 270 gr (9 un)",
                            "precoPorQuantidade": "14,78€/kg",
                            "link": "https://www.continente.pt/produto/mini-pizzas-piccolinis-de-fiambre-e-queijo-piccolinis-3052221.html?cgid=congelados-pizzas",
                            "imagem": "https://www.continente.pt/dw/image/v2/BDVS_PRD/on/demandware.static/-/Sites-col-master-catalog/default/dw3ce3bbfa/images/col/305/3052221-frente.jpg?sw=280&sh=280"
                        },
                        {
                            "marca": "Piccolinis",
                            "descricao": "Mini Pizzas Piccolinis de Atum",
                            "preco": "3,99€",
                            "preco_antigo": null,
                            "quantidade": "emb. 270 gr (9 un)",
                            "precoPorQuantidade": "14,78€/kg",
                            "link": "https://www.continente.pt/produto/mini-pizzas-piccolinis-de-atum-piccolinis-6474850.html?cgid=congelados-pizzas",
                            "imagem": "https://www.continente.pt/dw/image/v2/BDVS_PRD/on/demandware.static/-/Sites-col-master-catalog/default/dw1760f91c/images/col/647/6474850-frente.jpg?sw=280&sh=280"
                        },
                        {
                            "marca": "Piccolinis",
                            "descricao": "Mini Pizzas Piccolinis Cremosa de Fiambre",
                            "preco": "3,99€",
                            "preco_antigo": null,
                            "quantidade": "emb. 270 gr (9 un)",
                            "precoPorQuantidade": "14,78€/kg",
                            "link": "https://www.continente.pt/produto/mini-pizzas-piccolinis-cremosa-de-fiambre-piccolinis-6937640.html?cgid=congelados-pizzas",
                            "imagem": "https://www.continente.pt/dw/image/v2/BDVS_PRD/on/demandware.static/-/Sites-col-master-catalog/default/dw9394a6c3/images/col/693/6937640-frente.jpg?sw=280&sh=280"
                        },
                        {
                            "marca": "Tradizionale",
                            "descricao": "Pizza Marguerita",
                            "preco": "5,25€",
                            "preco_antigo": null,
                            "quantidade": "emb. 350 gr",
                            "precoPorQuantidade": "15,00€/kg",
                            "link": "https://www.continente.pt/produto/pizza-marguerita-tradizionale-7541601.html?cgid=congelados-pizzas",
                            "imagem": "https://www.continente.pt/dw/image/v2/BDVS_PRD/on/demandware.static/-/Sites-col-master-catalog/default/dw9ded572c/images/col/754/7541601-direito.jpg?sw=280&sh=280"
                        },
                        {
                            "marca": "La Mia Grande",
                            "descricao": "Pizza La Mia Grande 4 Formaggi",
                            "preco": "6,29€",
                            "preco_antigo": null,
                            "quantidade": "emb. 400 gr",
                            "precoPorQuantidade": "15,73€/kg",
                            "link": "https://www.continente.pt/produto/pizza-la-mia-grande-4-formaggi-la-mia-grande-7465339.html?cgid=congelados-pizzas",
                            "imagem": "https://www.continente.pt/dw/image/v2/BDVS_PRD/on/demandware.static/-/Sites-col-master-catalog/default/dw10b2dfbc/images/col/746/7465339-direito.jpg?sw=280&sh=280"
                        },
                        {
                            "marca": "La Mia Grande",
                            "descricao": "Pizza La Mia Grande Salame Picante",
                            "preco": "6,29€",
                            "preco_antigo": null,
                            "quantidade": "emb. 380 gr",
                            "precoPorQuantidade": "16,55€/kg",
                            "link": "https://www.continente.pt/produto/pizza-la-mia-grande-salame-picante-la-mia-grande-7465415.html?cgid=congelados-pizzas",
                            "imagem": "https://www.continente.pt/dw/image/v2/BDVS_PRD/on/demandware.static/-/Sites-col-master-catalog/default/dwb1943658/images/col/746/7465415-direito.jpg?sw=280&sh=280"
                        }
                    ]
                },
                {
                    "name": "Gelados",
                    "items": [
                        {
                            "marca": "Continente",
                            "descricao": "Gelado Mini Magníficos Amêndoa",
                            "preco": "2,49€",
                            "preco_antigo": null,
                            "quantidade": "emb. 456 gr (12 un)",
                            "precoPorQuantidade": "0,21€/un",
                            "link": "https://www.continente.pt/produto/gelado-mini-magnificos-amendoa-continente-7622287.html?cgid=congelados-gelados",
                            "imagem": "https://www.continente.pt/dw/image/v2/BDVS_PRD/on/demandware.static/-/Sites-col-master-catalog/default/dw68d3d6bf/images/col/762/7622287-hero.jpg?sw=280&sh=280"
                        },
                        {
                            "marca": "Continente",
                            "descricao": "Gelado Push-Pop",
                            "preco": "2,49€",
                            "preco_antigo": null,
                            "quantidade": "emb. 4 un",
                            "precoPorQuantidade": "0,62€/un",
                            "link": "https://www.continente.pt/produto/gelado-push-pop-continente-7584210.html?cgid=congelados-gelados",
                            "imagem": "https://www.continente.pt/dw/image/v2/BDVS_PRD/on/demandware.static/-/Sites-col-master-catalog/default/dwf820b30f/images/col/758/7584210-frente.jpg?sw=280&sh=280"
                        },
                        {
                            "marca": "É Continente",
                            "descricao": "Gelado Baunilha e Chocolate",
                            "preco": "2,39€",
                            "preco_antigo": null,
                            "quantidade": "emb. 2 lt",
                            "precoPorQuantidade": "1,20€/lt",
                            "link": "https://www.continente.pt/produto/gelado-baunilha-e-chocolate-e-continente-7018489.html?cgid=congelados-gelados",
                            "imagem": "https://www.continente.pt/dw/image/v2/BDVS_PRD/on/demandware.static/-/Sites-col-master-catalog/default/dw365d0940/images/col/701/7018489-hero.jpg?sw=280&sh=280"
                        },
                        {
                            "marca": "É Continente",
                            "descricao": "Gelado Baunilha e Morango",
                            "preco": "2,39€",
                            "preco_antigo": null,
                            "quantidade": "emb. 2 lt",
                            "precoPorQuantidade": "1,20€/lt",
                            "link": "https://www.continente.pt/produto/gelado-baunilha-e-morango-e-continente-7018487.html?cgid=congelados-gelados",
                            "imagem": "https://www.continente.pt/dw/image/v2/BDVS_PRD/on/demandware.static/-/Sites-col-master-catalog/default/dw4dcebccc/images/col/701/7018487-hero.jpg?sw=280&sh=280"
                        },
                        {
                            "marca": "Carte D'Or",
                            "descricao": "Gelado Baunilha & Morango",
                            "preco": "2,59€",
                            "preco_antigo": null,
                            "quantidade": "emb. 1,7 L",
                            "precoPorQuantidade": "1,52€/lt",
                            "link": "https://www.continente.pt/produto/gelado-baunilha-morango-carte-dor-7390518.html?cgid=congelados-gelados",
                            "imagem": "https://www.continente.pt/dw/image/v2/BDVS_PRD/on/demandware.static/-/Sites-col-master-catalog/default/dw5c3a2f58/images/col/739/7390518-hero.jpg?sw=280&sh=280"
                        },
                        {
                            "marca": "Carte D'Or",
                            "descricao": "Gelado Baunilha e Chocolate",
                            "preco": "2,59€",
                            "preco_antigo": null,
                            "quantidade": "emb.1,7 L",
                            "precoPorQuantidade": "1,52€/lt",
                            "link": "https://www.continente.pt/produto/gelado-baunilha-e-chocolate-carte-dor-7390517.html?cgid=congelados-gelados",
                            "imagem": "https://www.continente.pt/dw/image/v2/BDVS_PRD/on/demandware.static/-/Sites-col-master-catalog/default/dw680461f1/images/col/739/7390517-hero.jpg?sw=280&sh=280"
                        },
                        {
                            "marca": "Continente",
                            "descricao": "Tarte Gelada Morango",
                            "preco": "1,99€",
                            "preco_antigo": null,
                            "quantidade": "emb. 1 lt",
                            "precoPorQuantidade": "1,99€/lt",
                            "link": "https://www.continente.pt/produto/tarte-gelada-morango-continente-5562119.html?cgid=congelados-gelados",
                            "imagem": "https://www.continente.pt/dw/image/v2/BDVS_PRD/on/demandware.static/-/Sites-col-master-catalog/default/dw58b48368/images/col/556/5562119-hero.jpg?sw=280&sh=280"
                        },
                        {
                            "marca": "Continente",
                            "descricao": "Sorbet Limão",
                            "preco": "1,99€",
                            "preco_antigo": null,
                            "quantidade": "emb. 1 lt",
                            "precoPorQuantidade": "1,99€/lt",
                            "link": "https://www.continente.pt/produto/sorbet-limao-continente-6592516.html?cgid=congelados-gelados",
                            "imagem": "https://www.continente.pt/dw/image/v2/BDVS_PRD/on/demandware.static/-/Sites-col-master-catalog/default/dw139d2576/images/col/659/6592516-hero.jpg?sw=280&sh=280"
                        },
                        {
                            "marca": "Continente",
                            "descricao": "Gelado Baunilha",
                            "preco": "1,99€",
                            "preco_antigo": "2,19€",
                            "quantidade": "emb. 1 lt",
                            "precoPorQuantidade": "1,99€/lt",
                            "link": "https://www.continente.pt/produto/gelado-baunilha-continente-6949002.html?cgid=congelados-gelados",
                            "imagem": "https://www.continente.pt/dw/image/v2/BDVS_PRD/on/demandware.static/-/Sites-col-master-catalog/default/dw1ab4706e/images/col/694/6949002-hero.jpg?sw=280&sh=280"
                        },
                        {
                            "marca": "Continente",
                            "descricao": "Tarte Gelada Baunilha e Chocolate",
                            "preco": "1,99€",
                            "preco_antigo": null,
                            "quantidade": "emb. 1 lt",
                            "precoPorQuantidade": "1,99€/lt",
                            "link": "https://www.continente.pt/produto/tarte-gelada-baunilha-e-chocolate-continente-5608351.html?cgid=congelados-gelados",
                            "imagem": "https://www.continente.pt/dw/image/v2/BDVS_PRD/on/demandware.static/-/Sites-col-master-catalog/default/dwd0ebcc4c/images/col/560/5608351-hero.jpg?sw=280&sh=280"
                        },
                        {
                            "marca": "Continente",
                            "descricao": "Gelado Chocolate",
                            "preco": "1,99€",
                            "preco_antigo": "2,19€",
                            "quantidade": "emb. 1 lt",
                            "precoPorQuantidade": "1,99€/lt",
                            "link": "https://www.continente.pt/produto/gelado-chocolate-continente-6949004.html?cgid=congelados-gelados",
                            "imagem": "https://www.continente.pt/dw/image/v2/BDVS_PRD/on/demandware.static/-/Sites-col-master-catalog/default/dwe2d84545/images/col/694/6949004-hero.jpg?sw=280&sh=280"
                        },
                        {
                            "marca": "Continente",
                            "descricao": "Tarte Gelada Cappuccino",
                            "preco": "1,99€",
                            "preco_antigo": null,
                            "quantidade": "emb. 1 lt",
                            "precoPorQuantidade": "1,99€/lt",
                            "link": "https://www.continente.pt/produto/tarte-gelada-cappuccino-continente-6219096.html?cgid=congelados-gelados",
                            "imagem": "https://www.continente.pt/dw/image/v2/BDVS_PRD/on/demandware.static/-/Sites-col-master-catalog/default/dw41405415/images/col/621/6219096-hero.jpg?sw=280&sh=280"
                        },
                        {
                            "marca": "Continente",
                            "descricao": "Tarte Gelada Caramelo",
                            "preco": "1,99€",
                            "preco_antigo": null,
                            "quantidade": "emb. 1 lt",
                            "precoPorQuantidade": "1,99€/lt",
                            "link": "https://www.continente.pt/produto/tarte-gelada-caramelo-continente-5451914.html?cgid=congelados-gelados",
                            "imagem": "https://www.continente.pt/dw/image/v2/BDVS_PRD/on/demandware.static/-/Sites-col-master-catalog/default/dw46683970/images/col/545/5451914-hero.jpg?sw=280&sh=280"
                        },
                        {
                            "marca": "Continente",
                            "descricao": "Gelado Morango",
                            "preco": "1,99€",
                            "preco_antigo": "2,19€",
                            "quantidade": "emb. 1 lt",
                            "precoPorQuantidade": "1,99€/lt",
                            "link": "https://www.continente.pt/produto/gelado-morango-continente-6948998.html?cgid=congelados-gelados",
                            "imagem": "https://www.continente.pt/dw/image/v2/BDVS_PRD/on/demandware.static/-/Sites-col-master-catalog/default/dw2641d688/images/col/694/6948998-hero.jpg?sw=280&sh=280"
                        },
                        {
                            "marca": "Continente",
                            "descricao": "Gelado Nata",
                            "preco": "1,99€",
                            "preco_antigo": "2,19€",
                            "quantidade": "emb. 1 lt",
                            "precoPorQuantidade": "1,99€/lt",
                            "link": "https://www.continente.pt/produto/gelado-nata-continente-6949006.html?cgid=congelados-gelados",
                            "imagem": "https://www.continente.pt/dw/image/v2/BDVS_PRD/on/demandware.static/-/Sites-col-master-catalog/default/dwba35aa20/images/col/694/6949006-hero.jpg?sw=280&sh=280"
                        },
                        {
                            "marca": "Continente",
                            "descricao": "Gelado Classicone Caramelo Salgado",
                            "preco": "1,79€",
                            "preco_antigo": null,
                            "quantidade": "emb. 720 ml (6 un)",
                            "precoPorQuantidade": "2,49€/lt",
                            "link": "https://www.continente.pt/produto/gelado-classicone-caramelo-salgado-continente-7164297.html?cgid=congelados-gelados",
                            "imagem": "https://www.continente.pt/dw/image/v2/BDVS_PRD/on/demandware.static/-/Sites-col-master-catalog/default/dw340810ca/images/col/716/7164297-hero.jpg?sw=280&sh=280"
                        },
                        {
                            "marca": "Continente",
                            "descricao": "Gelado Classicone Morango",
                            "preco": "1,79€",
                            "preco_antigo": null,
                            "quantidade": "emb. 720 ml (6 un)",
                            "precoPorQuantidade": "2,49€/lt",
                            "link": "https://www.continente.pt/produto/gelado-classicone-morango-continente-6923800.html?cgid=congelados-gelados",
                            "imagem": "https://www.continente.pt/dw/image/v2/BDVS_PRD/on/demandware.static/-/Sites-col-master-catalog/default/dw12255812/images/col/692/6923800-hero.jpg?sw=280&sh=280"
                        },
                        {
                            "marca": "Continente",
                            "descricao": "Gelado Classicone Chocolate",
                            "preco": "1,79€",
                            "preco_antigo": null,
                            "quantidade": "emb. 720 ml (6 un)",
                            "precoPorQuantidade": "2,49€/lt",
                            "link": "https://www.continente.pt/produto/gelado-classicone-chocolate-continente-6923901.html?cgid=congelados-gelados",
                            "imagem": "https://www.continente.pt/dw/image/v2/BDVS_PRD/on/demandware.static/-/Sites-col-master-catalog/default/dw1d83dce2/images/col/692/6923901-hero.jpg?sw=280&sh=280"
                        },
                        {
                            "marca": "Continente",
                            "descricao": "Gelado Classicone Baunilha",
                            "preco": "1,79€",
                            "preco_antigo": null,
                            "quantidade": "emb. 660 ml (6 un)",
                            "precoPorQuantidade": "2,49€/lt",
                            "link": "https://www.continente.pt/produto/gelado-classicone-baunilha-continente-6923826.html?cgid=congelados-gelados",
                            "imagem": "https://www.continente.pt/dw/image/v2/BDVS_PRD/on/demandware.static/-/Sites-col-master-catalog/default/dw201e33b0/images/col/692/6923826-hero.jpg?sw=280&sh=280"
                        },
                        {
                            "marca": "Continente",
                            "descricao": "Gelado Baunilha e Nozes Pecan",
                            "preco": "2,49€",
                            "preco_antigo": null,
                            "quantidade": "emb. 950 ml",
                            "precoPorQuantidade": "2,62€/lt",
                            "link": "https://www.continente.pt/produto/gelado-baunilha-e-nozes-pecan-continente-7411090.html?cgid=congelados-gelados",
                            "imagem": "https://www.continente.pt/dw/image/v2/BDVS_PRD/on/demandware.static/-/Sites-col-master-catalog/default/dwe6ba6c70/images/col/741/7411090-frente.jpg?sw=280&sh=280"
                        },
                        {
                            "marca": "Continente",
                            "descricao": "Gelado Chocolate e Avelã",
                            "preco": "2,49€",
                            "preco_antigo": null,
                            "quantidade": "emb. 950 ml",
                            "precoPorQuantidade": "2,62€/lt",
                            "link": "https://www.continente.pt/produto/gelado-chocolate-e-avela-continente-7411520.html?cgid=congelados-gelados",
                            "imagem": "https://www.continente.pt/dw/image/v2/BDVS_PRD/on/demandware.static/-/Sites-col-master-catalog/default/dwf8f42784/images/col/741/7411520-frente.jpg?sw=280&sh=280"
                        },
                        {
                            "marca": "Continente",
                            "descricao": "Gelado Sorbet Frutos Vermelhos",
                            "preco": "2,49€",
                            "preco_antigo": null,
                            "quantidade": "emb. 950 ml",
                            "precoPorQuantidade": "2,62€/lt",
                            "link": "https://www.continente.pt/produto/gelado-sorbet-frutos-vermelhos-continente-7411088.html?cgid=congelados-gelados",
                            "imagem": "https://www.continente.pt/dw/image/v2/BDVS_PRD/on/demandware.static/-/Sites-col-master-catalog/default/dw68f356e5/images/col/741/7411088-frente.jpg?sw=280&sh=280"
                        },
                        {
                            "marca": "Continente",
                            "descricao": "Gelado Baunilha e Caramelo",
                            "preco": "2,49€",
                            "preco_antigo": null,
                            "quantidade": "emb. 950 ml",
                            "precoPorQuantidade": "2,62€/lt",
                            "link": "https://www.continente.pt/produto/gelado-baunilha-e-caramelo-continente-7444747.html?cgid=congelados-gelados",
                            "imagem": "https://www.continente.pt/dw/image/v2/BDVS_PRD/on/demandware.static/-/Sites-col-master-catalog/default/dw6677c63b/images/col/744/7444747-hero.jpg?sw=280&sh=280"
                        },
                        {
                            "marca": "Continente",
                            "descricao": "Gelado Banana Split",
                            "preco": "2,49€",
                            "preco_antigo": null,
                            "quantidade": "emb. 950 ml",
                            "precoPorQuantidade": "2,62€/lt",
                            "link": "https://www.continente.pt/produto/gelado-banana-split-continente-7411089.html?cgid=congelados-gelados",
                            "imagem": "https://www.continente.pt/dw/image/v2/BDVS_PRD/on/demandware.static/-/Sites-col-master-catalog/default/dw4ae058e8/images/col/741/7411089-hero.jpg?sw=280&sh=280"
                        },
                        {
                            "marca": "Continente",
                            "descricao": "Gelado Morango e Merengue",
                            "preco": "2,49€",
                            "preco_antigo": null,
                            "quantidade": "emb. 950 ml",
                            "precoPorQuantidade": "2,62€/lt",
                            "link": "https://www.continente.pt/produto/gelado-morango-e-merengue-continente-7411093.html?cgid=congelados-gelados",
                            "imagem": "https://www.continente.pt/dw/image/v2/BDVS_PRD/on/demandware.static/-/Sites-col-master-catalog/default/dwd920787f/images/col/741/7411093-frente.jpg?sw=280&sh=280"
                        },
                        {
                            "marca": "Continente",
                            "descricao": "Gelado Stracciatella",
                            "preco": "2,49€",
                            "preco_antigo": null,
                            "quantidade": "emb. 950 ml",
                            "precoPorQuantidade": "2,62€/lt",
                            "link": "https://www.continente.pt/produto/gelado-stracciatella-continente-7411095.html?cgid=congelados-gelados",
                            "imagem": "https://www.continente.pt/dw/image/v2/BDVS_PRD/on/demandware.static/-/Sites-col-master-catalog/default/dw687e622d/images/col/741/7411095-hero.jpg?sw=280&sh=280"
                        },
                        {
                            "marca": "Continente",
                            "descricao": "Gelado Caramelo Salgado",
                            "preco": "2,49€",
                            "preco_antigo": null,
                            "quantidade": "emb. 950 ml",
                            "precoPorQuantidade": "2,62€/lt",
                            "link": "https://www.continente.pt/produto/gelado-caramelo-salgado-continente-7411091.html?cgid=congelados-gelados",
                            "imagem": "https://www.continente.pt/dw/image/v2/BDVS_PRD/on/demandware.static/-/Sites-col-master-catalog/default/dw3c698c9c/images/col/741/7411091-frente.jpg?sw=280&sh=280"
                        },
                        {
                            "marca": "Continente",
                            "descricao": "Gelado Café, Chocolate Branco e Caramelo",
                            "preco": "2,49€",
                            "preco_antigo": null,
                            "quantidade": "emb. 950 ml",
                            "precoPorQuantidade": "2,62€/lt",
                            "link": "https://www.continente.pt/produto/gelado-cafe-chocolate-branco-e-caramelo-continente-7411087.html?cgid=congelados-gelados",
                            "imagem": "https://www.continente.pt/dw/image/v2/BDVS_PRD/on/demandware.static/-/Sites-col-master-catalog/default/dw204f6f08/images/col/741/7411087-frente.jpg?sw=280&sh=280"
                        },
                        {
                            "marca": "Continente",
                            "descricao": "Gelado Menta",
                            "preco": "2,49€",
                            "preco_antigo": null,
                            "quantidade": "emb. 950 ml",
                            "precoPorQuantidade": "2,62€/lt",
                            "link": "https://www.continente.pt/produto/gelado-menta-continente-7456964.html?cgid=congelados-gelados",
                            "imagem": "https://www.continente.pt/dw/image/v2/BDVS_PRD/on/demandware.static/-/Sites-col-master-catalog/default/dw17431ab3/images/col/745/7456964-frente.jpg?sw=280&sh=280"
                        },
                        {
                            "marca": "Carte D'Or",
                            "descricao": "Gelado Chocolate Les Classiques",
                            "preco": "1,99€",
                            "preco_antigo": null,
                            "quantidade": "emb. 750 ml",
                            "precoPorQuantidade": "2,65€/lt",
                            "link": "https://www.continente.pt/produto/gelado-chocolate-les-classiques-carte-dor-6886243.html?cgid=congelados-gelados",
                            "imagem": "https://www.continente.pt/dw/image/v2/BDVS_PRD/on/demandware.static/-/Sites-col-master-catalog/default/dw4e53a9df/images/col/688/6886243-hero.jpg?sw=280&sh=280"
                        },
                        {
                            "marca": "Carte D'Or",
                            "descricao": "Gelado Nata Les Classiques",
                            "preco": "1,99€",
                            "preco_antigo": null,
                            "quantidade": "emb. 750 ml",
                            "precoPorQuantidade": "2,65€/lt",
                            "link": "https://www.continente.pt/produto/gelado-nata-les-classiques-carte-dor-6886227.html?cgid=congelados-gelados",
                            "imagem": "https://www.continente.pt/dw/image/v2/BDVS_PRD/on/demandware.static/-/Sites-col-master-catalog/default/dwe7d05f3a/images/col/688/6886227-hero.jpg?sw=280&sh=280"
                        },
                        {
                            "marca": "Carte D'Or",
                            "descricao": "Gelado Morango Les Classiques",
                            "preco": "1,99€",
                            "preco_antigo": null,
                            "quantidade": "emb. 750 ml",
                            "precoPorQuantidade": "2,65€/lt",
                            "link": "https://www.continente.pt/produto/gelado-morango-les-classiques-carte-dor-6886216.html?cgid=congelados-gelados",
                            "imagem": "https://www.continente.pt/dw/image/v2/BDVS_PRD/on/demandware.static/-/Sites-col-master-catalog/default/dw34345d54/images/col/688/6886216-hero.jpg?sw=280&sh=280"
                        },
                        {
                            "marca": "Continente",
                            "descricao": "Gelado Classicone Tropical",
                            "preco": "1,79€",
                            "preco_antigo": null,
                            "quantidade": "emb. 660 ml (11 un)",
                            "precoPorQuantidade": "2,71€/lt",
                            "link": "https://www.continente.pt/produto/gelado-classicone-tropical-continente-7408314.html?cgid=congelados-gelados",
                            "imagem": "https://www.continente.pt/dw/image/v2/BDVS_PRD/on/demandware.static/-/Sites-col-master-catalog/default/dw395827a7/images/col/740/7408314-frente.jpg?sw=280&sh=280"
                        },
                        {
                            "marca": "Carte D'Or",
                            "descricao": "Gelado Chocolate e Avelãs Les Authentiques",
                            "preco": "2,89€",
                            "preco_antigo": null,
                            "quantidade": "emb. 1 lt",
                            "precoPorQuantidade": "2,89€/lt",
                            "link": "https://www.continente.pt/produto/gelado-chocolate-e-avelas-les-authentiques-carte-dor-5497863.html?cgid=congelados-gelados",
                            "imagem": "https://www.continente.pt/dw/image/v2/BDVS_PRD/on/demandware.static/-/Sites-col-master-catalog/default/dw6a1a2bb3/images/col/549/5497863-hero.jpg?sw=280&sh=280"
                        },
                        {
                            "marca": "Carte D'Or",
                            "descricao": "Gelado Chocolate de Menta Les Authentiques",
                            "preco": "2,89€",
                            "preco_antigo": null,
                            "quantidade": "emb. 1 lt",
                            "precoPorQuantidade": "2,89€/lt",
                            "link": "https://www.continente.pt/produto/gelado-chocolate-de-menta-les-authentiques-carte-dor-4020304.html?cgid=congelados-gelados",
                            "imagem": "https://www.continente.pt/dw/image/v2/BDVS_PRD/on/demandware.static/-/Sites-col-master-catalog/default/dwae1e9c06/images/col/402/4020304-hero.jpg?sw=280&sh=280"
                        },
                        {
                            "marca": "Carte D'Or",
                            "descricao": "Gelado Noz Les Authentiques",
                            "preco": "2,89€",
                            "preco_antigo": null,
                            "quantidade": "emb. 1 lt",
                            "precoPorQuantidade": "2,89€/lt",
                            "link": "https://www.continente.pt/produto/gelado-noz-les-authentiques-carte-dor-2844159.html?cgid=congelados-gelados",
                            "imagem": "https://www.continente.pt/dw/image/v2/BDVS_PRD/on/demandware.static/-/Sites-col-master-catalog/default/dwf183da03/images/col/284/2844159-hero.jpg?sw=280&sh=280"
                        },
                        {
                            "marca": "Carte D'Or",
                            "descricao": "Gelado Baunilha Les Authentiques",
                            "preco": "2,89€",
                            "preco_antigo": null,
                            "quantidade": "emb. 1 lt",
                            "precoPorQuantidade": "2,89€/lt",
                            "link": "https://www.continente.pt/produto/gelado-baunilha-les-authentiques-carte-dor-2889825.html?cgid=congelados-gelados",
                            "imagem": "https://www.continente.pt/dw/image/v2/BDVS_PRD/on/demandware.static/-/Sites-col-master-catalog/default/dw484cdbae/images/col/288/2889825-hero.jpg?sw=280&sh=280"
                        },
                        {
                            "marca": "Continente",
                            "descricao": "Gelado Sandwich",
                            "preco": "1,89€",
                            "preco_antigo": null,
                            "quantidade": "emb. 600 ml (6 un)",
                            "precoPorQuantidade": "3,15€/lt",
                            "link": "https://www.continente.pt/produto/gelado-sandwich-continente-6219158.html?cgid=congelados-gelados",
                            "imagem": "https://www.continente.pt/dw/image/v2/BDVS_PRD/on/demandware.static/-/Sites-col-master-catalog/default/dw2ce25276/images/col/621/6219158-hero.jpg?sw=280&sh=280"
                        },
                        {
                            "marca": "Olá",
                            "descricao": "Gelado Disney Frozen",
                            "preco": "2,99€",
                            "preco_antigo": null,
                            "quantidade": "emb. 900 ml",
                            "precoPorQuantidade": "3,32€/lt",
                            "link": "https://www.continente.pt/produto/gelado-disney-frozen-ola-7558970.html?cgid=congelados-gelados",
                            "imagem": "https://www.continente.pt/dw/image/v2/BDVS_PRD/on/demandware.static/-/Sites-col-master-catalog/default/dw00fa086c/images/col/755/7558970-hero.jpg?sw=280&sh=280"
                        },
                        {
                            "marca": "Continente",
                            "descricao": "Gelado Magnífico Chocolate Branco, Arroz Tufado e Morango",
                            "preco": "2,49€",
                            "preco_antigo": null,
                            "quantidade": "emb. 720 ml (6 un)",
                            "precoPorQuantidade": "3,46€/lt",
                            "link": "https://www.continente.pt/produto/gelado-magnifico-chocolate-branco-arroz-tufado-e-morango-continente-7408344.html?cgid=congelados-gelados",
                            "imagem": "https://www.continente.pt/dw/image/v2/BDVS_PRD/on/demandware.static/-/Sites-col-master-catalog/default/dw2dce2303/images/col/740/7408344-frente.jpg?sw=280&sh=280"
                        },
                        {
                            "marca": "Continente",
                            "descricao": "Gelado Magnífico Chocolate Branco com Amêndoa",
                            "preco": "2,49€",
                            "preco_antigo": null,
                            "quantidade": "emb. 720 ml (6 un)",
                            "precoPorQuantidade": "3,46€/lt",
                            "link": "https://www.continente.pt/produto/gelado-magnifico-chocolate-branco-com-amendoa-continente-7409924.html?cgid=congelados-gelados",
                            "imagem": "https://www.continente.pt/dw/image/v2/BDVS_PRD/on/demandware.static/-/Sites-col-master-catalog/default/dw8749d736/images/col/740/7409924-frente.jpg?sw=280&sh=280"
                        },
                        {
                            "marca": "Continente",
                            "descricao": "Gelado Magnífico Chocolate de Leite",
                            "preco": "2,49€",
                            "preco_antigo": null,
                            "quantidade": "emb. 720 ml (6 un)",
                            "precoPorQuantidade": "3,46€/lt",
                            "link": "https://www.continente.pt/produto/gelado-magnifico-chocolate-de-leite-continente-7408329.html?cgid=congelados-gelados",
                            "imagem": "https://www.continente.pt/dw/image/v2/BDVS_PRD/on/demandware.static/-/Sites-col-master-catalog/default/dwd0a567b0/images/col/740/7408329-frente.jpg?sw=280&sh=280"
                        },
                        {
                            "marca": "Continente",
                            "descricao": "Gelado Magnífico Chocolate Leite e Amêndoa",
                            "preco": "2,49€",
                            "preco_antigo": null,
                            "quantidade": "emb. 720 ml (6 un)",
                            "precoPorQuantidade": "3,46€/lt",
                            "link": "https://www.continente.pt/produto/gelado-magnifico-chocolate-leite-e-amendoa-continente-7408497.html?cgid=congelados-gelados",
                            "imagem": "https://www.continente.pt/dw/image/v2/BDVS_PRD/on/demandware.static/-/Sites-col-master-catalog/default/dwf401df18/images/col/740/7408497-frente.jpg?sw=280&sh=280"
                        },
                        {
                            "marca": "Carte D'Or",
                            "descricao": "Gelado New York Cheesecake",
                            "preco": "3,17€",
                            "preco_antigo": null,
                            "quantidade": "emb. 900 ml",
                            "precoPorQuantidade": "3,52€/lt",
                            "link": "https://www.continente.pt/produto/gelado-new-york-cheesecake-carte-dor-7521863.html?cgid=congelados-gelados",
                            "imagem": "https://www.continente.pt/dw/image/v2/BDVS_PRD/on/demandware.static/-/Sites-col-master-catalog/default/dwde4aaa64/images/col/752/7521863-hero.jpg?sw=280&sh=280"
                        },
                        {
                            "marca": "Carte D'Or",
                            "descricao": "Gelado Cookies & Cream Les Desserts",
                            "preco": "3,29€",
                            "preco_antigo": null,
                            "quantidade": "emb. 900 ml",
                            "precoPorQuantidade": "3,66€/lt",
                            "link": "https://www.continente.pt/produto/gelado-cookies-cream-les-desserts-carte-dor-7369412.html?cgid=congelados-gelados",
                            "imagem": "https://www.continente.pt/dw/image/v2/BDVS_PRD/on/demandware.static/-/Sites-col-master-catalog/default/dw167f9dae/images/col/736/7369412-hero.jpg?sw=280&sh=280"
                        },
                        {
                            "marca": "Carte D'Or",
                            "descricao": "Gelado Tiramisú Les Desserts",
                            "preco": "3,29€",
                            "preco_antigo": null,
                            "quantidade": "emb. 900 ml",
                            "precoPorQuantidade": "3,66€/lt",
                            "link": "https://www.continente.pt/produto/gelado-tiramisu-les-desserts-carte-dor-7397179.html?cgid=congelados-gelados",
                            "imagem": "https://www.continente.pt/dw/image/v2/BDVS_PRD/on/demandware.static/-/Sites-col-master-catalog/default/dw229aa9c7/images/col/739/7397179-hero.jpg?sw=280&sh=280"
                        },
                        {
                            "marca": "Carte D'Or",
                            "descricao": "Gelado Blueberry Cheesecake Les Dessertss",
                            "preco": "3,29€",
                            "preco_antigo": null,
                            "quantidade": "emb. 900 ml",
                            "precoPorQuantidade": "3,66€/lt",
                            "link": "https://www.continente.pt/produto/gelado-blueberry-cheesecake-les-dessertss-carte-dor-6524846.html?cgid=congelados-gelados",
                            "imagem": "https://www.continente.pt/dw/image/v2/BDVS_PRD/on/demandware.static/-/Sites-col-master-catalog/default/dwd4b3cbdd/images/col/652/6524846-hero.jpg?sw=280&sh=280"
                        },
                        {
                            "marca": "Carte D'Or",
                            "descricao": "Gelado Chocolate Brownie Les Desserts",
                            "preco": "3,29€",
                            "preco_antigo": null,
                            "quantidade": "emb. 900 ml",
                            "precoPorQuantidade": "3,66€/lt",
                            "link": "https://www.continente.pt/produto/gelado-chocolate-brownie-les-desserts-carte-dor-5497870.html?cgid=congelados-gelados",
                            "imagem": "https://www.continente.pt/dw/image/v2/BDVS_PRD/on/demandware.static/-/Sites-col-master-catalog/default/dw9c9692f1/images/col/549/5497870-hero.jpg?sw=280&sh=280"
                        },
                        {
                            "marca": "Carte D'Or",
                            "descricao": "Gelado Vanilla Pecan Les Desserts",
                            "preco": "3,29€",
                            "preco_antigo": null,
                            "quantidade": "emb. 900 ml",
                            "precoPorQuantidade": "3,66€/lt",
                            "link": "https://www.continente.pt/produto/gelado-vanilla-pecan-les-desserts-carte-dor-5273133.html?cgid=congelados-gelados",
                            "imagem": "https://www.continente.pt/dw/image/v2/BDVS_PRD/on/demandware.static/-/Sites-col-master-catalog/default/dw94afd0a5/images/col/527/5273133-hero.jpg?sw=280&sh=280"
                        },
                        {
                            "marca": "Carte D'Or",
                            "descricao": "Gelado Morango e Merengue Les Desserts",
                            "preco": "3,29€",
                            "preco_antigo": null,
                            "quantidade": "emb. 900 ml",
                            "precoPorQuantidade": "3,66€/lt",
                            "link": "https://www.continente.pt/produto/gelado-morango-e-merengue-les-desserts-carte-dor-5272801.html?cgid=congelados-gelados",
                            "imagem": "https://www.continente.pt/dw/image/v2/BDVS_PRD/on/demandware.static/-/Sites-col-master-catalog/default/dw086e2e63/images/col/527/5272801-hero.jpg?sw=280&sh=280"
                        },
                        {
                            "marca": "Carte D'Or",
                            "descricao": "Gelado Feast Les Desserts",
                            "preco": "3,29€",
                            "preco_antigo": null,
                            "quantidade": "emb. 900 ml",
                            "precoPorQuantidade": "3,66€/lt",
                            "link": "https://www.continente.pt/produto/gelado-feast-les-desserts-carte-dor-7558969.html?cgid=congelados-gelados",
                            "imagem": "https://www.continente.pt/dw/image/v2/BDVS_PRD/on/demandware.static/-/Sites-col-master-catalog/default/dw5e46f960/images/col/755/7558969-hero.jpg?sw=280&sh=280"
                        },
                        {
                            "marca": "Carte D'Or",
                            "descricao": "Gelado Chocolate Branco e Maracujá Les Dessertss",
                            "preco": "3,29€",
                            "preco_antigo": null,
                            "quantidade": "emb. 900 ml",
                            "precoPorQuantidade": "3,66€/lt",
                            "link": "https://www.continente.pt/produto/gelado-chocolate-branco-e-maracuja-les-dessertss-carte-dor-7105636.html?cgid=congelados-gelados",
                            "imagem": "https://www.continente.pt/dw/image/v2/BDVS_PRD/on/demandware.static/-/Sites-col-master-catalog/default/dw56bc8e72/images/col/710/7105636-hero.jpg?sw=280&sh=280"
                        },
                        {
                            "marca": "Carte D'Or",
                            "descricao": "Gelado Caramelo Salgado Les Desserts",
                            "preco": "3,29€",
                            "preco_antigo": null,
                            "quantidade": "emb. 900 ml",
                            "precoPorQuantidade": "3,66€/lt",
                            "link": "https://www.continente.pt/produto/gelado-caramelo-salgado-les-desserts-carte-dor-5273119.html?cgid=congelados-gelados",
                            "imagem": "https://www.continente.pt/dw/image/v2/BDVS_PRD/on/demandware.static/-/Sites-col-master-catalog/default/dwda2769c6/images/col/527/5273119-hero.jpg?sw=280&sh=280"
                        },
                        {
                            "marca": "Carte D'Or",
                            "descricao": "Gelado Coco Choco Parfait Les Dessertss",
                            "preco": "3,29€",
                            "preco_antigo": null,
                            "quantidade": "emb. 900 ml",
                            "precoPorQuantidade": "3,66€/lt",
                            "link": "https://www.continente.pt/produto/gelado-coco-choco-parfait-les-dessertss-carte-dor-6469986.html?cgid=congelados-gelados",
                            "imagem": "https://www.continente.pt/dw/image/v2/BDVS_PRD/on/demandware.static/-/Sites-col-master-catalog/default/dwd9264d59/images/col/646/6469986-hero.jpg?sw=280&sh=280"
                        },
                        {
                            "marca": "Carte D'Or",
                            "descricao": "Gelado Baileys e Baunilha Les Desserts",
                            "preco": "3,29€",
                            "preco_antigo": null,
                            "quantidade": "emb. 900 ml",
                            "precoPorQuantidade": "3,66€/lt",
                            "link": "https://www.continente.pt/produto/gelado-baileys-e-baunilha-les-desserts-carte-dor-7538685.html?cgid=congelados-gelados",
                            "imagem": "https://www.continente.pt/dw/image/v2/BDVS_PRD/on/demandware.static/-/Sites-col-master-catalog/default/dwf685175b/images/col/753/7538685-hero.jpg?sw=280&sh=280"
                        },
                        {
                            "marca": "Carte D'Or",
                            "descricao": "Gelado Stracciatella Les Desserts",
                            "preco": "3,29€",
                            "preco_antigo": null,
                            "quantidade": "emb. 900 ml",
                            "precoPorQuantidade": "3,66€/lt",
                            "link": "https://www.continente.pt/produto/gelado-stracciatella-les-desserts-carte-dor-2474413.html?cgid=congelados-gelados",
                            "imagem": "https://www.continente.pt/dw/image/v2/BDVS_PRD/on/demandware.static/-/Sites-col-master-catalog/default/dw22f19339/images/col/247/2474413-hero.jpg?sw=280&sh=280"
                        },
                        {
                            "marca": "Carte D'Or",
                            "descricao": "Gelado Salted Caramel Cheesecake",
                            "preco": "3,29€",
                            "preco_antigo": null,
                            "quantidade": "emb. 900 ml",
                            "precoPorQuantidade": "3,66€/lt",
                            "link": "https://www.continente.pt/produto/gelado-salted-caramel-cheesecake-carte-dor-6877581.html?cgid=congelados-gelados",
                            "imagem": "https://www.continente.pt/dw/image/v2/BDVS_PRD/on/demandware.static/-/Sites-col-master-catalog/default/dw0920cd0f/images/col/687/6877581-hero.jpg?sw=280&sh=280"
                        },
                        {
                            "marca": "Carte D'Or",
                            "descricao": "Gelado Solero Exotic",
                            "preco": "3,29€",
                            "preco_antigo": null,
                            "quantidade": "emb. 900 ml",
                            "precoPorQuantidade": "3,66€/lt",
                            "link": "https://www.continente.pt/produto/gelado-solero-exotic-carte-dor-7538719.html?cgid=congelados-gelados",
                            "imagem": "https://www.continente.pt/dw/image/v2/BDVS_PRD/on/demandware.static/-/Sites-col-master-catalog/default/dwc875724e/images/col/753/7538719-hero.jpg?sw=280&sh=280"
                        },
                        {
                            "marca": "Carte D'Or",
                            "descricao": "Gelado Iogurte e Frutos Silvestres Les Desserts",
                            "preco": "3,29€",
                            "preco_antigo": null,
                            "quantidade": "emb. 900 ml",
                            "precoPorQuantidade": "3,66€/lt",
                            "link": "https://www.continente.pt/produto/gelado-iogurte-e-frutos-silvestres-les-desserts-carte-dor-5791700.html?cgid=congelados-gelados",
                            "imagem": "https://www.continente.pt/dw/image/v2/BDVS_PRD/on/demandware.static/-/Sites-col-master-catalog/default/dw17e65ee3/images/col/579/5791700-hero.jpg?sw=280&sh=280"
                        },
                        {
                            "marca": "Carte D'Or",
                            "descricao": "Gelado Limão Les Sorbets",
                            "preco": "3,29€",
                            "preco_antigo": null,
                            "quantidade": "emb. 900 ml",
                            "precoPorQuantidade": "3,66€/lt",
                            "link": "https://www.continente.pt/produto/gelado-limao-les-sorbets-carte-dor-7371931.html?cgid=congelados-gelados",
                            "imagem": "https://www.continente.pt/dw/image/v2/BDVS_PRD/on/demandware.static/-/Sites-col-master-catalog/default/dw92621445/images/col/737/7371931-hero.jpg?sw=280&sh=280"
                        },
                        {
                            "marca": "Carte D'Or",
                            "descricao": "Gelado Morango Les Sorbets",
                            "preco": "3,29€",
                            "preco_antigo": null,
                            "quantidade": "emb. 900 ml",
                            "precoPorQuantidade": "3,66€/lt",
                            "link": "https://www.continente.pt/produto/gelado-morango-les-sorbets-carte-dor-7375247.html?cgid=congelados-gelados",
                            "imagem": "https://www.continente.pt/dw/image/v2/BDVS_PRD/on/demandware.static/-/Sites-col-master-catalog/default/dw569c1b04/images/col/737/7375247-hero.jpg?sw=280&sh=280"
                        },
                        {
                            "marca": "Carte D'Or",
                            "descricao": "Gelado Tarte Limão Les Desserts",
                            "preco": "3,29€",
                            "preco_antigo": null,
                            "quantidade": "emb. 900 ml",
                            "precoPorQuantidade": "3,66€/lt",
                            "link": "https://www.continente.pt/produto/gelado-tarte-limao-les-desserts-carte-dor-5768441.html?cgid=congelados-gelados",
                            "imagem": "https://www.continente.pt/dw/image/v2/BDVS_PRD/on/demandware.static/-/Sites-col-master-catalog/default/dwfc937dca/images/col/576/5768441-hero.jpg?sw=280&sh=280"
                        },
                        {
                            "marca": "Olá",
                            "descricao": "Gelado Calippo Cola",
                            "preco": "3,99€",
                            "preco_antigo": null,
                            "quantidade": "emb. 105 ml (5 un)",
                            "precoPorQuantidade": "7,60€/lt",
                            "link": "https://www.continente.pt/produto/gelado-calippo-cola-ola-7521862.html?cgid=congelados-gelados",
                            "imagem": "https://www.continente.pt/dw/image/v2/BDVS_PRD/on/demandware.static/-/Sites-col-master-catalog/default/dwe96c3e00/images/col/752/7521862-hero.jpg?sw=280&sh=280"
                        },
                        {
                            "marca": "Olá",
                            "descricao": "Gelado Calippo Mix",
                            "preco": "1,99€",
                            "preco_antigo": null,
                            "quantidade": "emb. 525 ml (5 un)",
                            "precoPorQuantidade": "3,79€/lt",
                            "link": "https://www.continente.pt/produto/gelado-calippo-mix-ola-4886486.html?cgid=congelados-gelados",
                            "imagem": "https://www.continente.pt/dw/image/v2/BDVS_PRD/on/demandware.static/-/Sites-col-master-catalog/default/dw8b913e2f/images/col/488/4886486-hero.jpg?sw=280&sh=280"
                        },
                        {
                            "marca": "Olá",
                            "descricao": "Gelado Calippo Morango",
                            "preco": "1,99€",
                            "preco_antigo": null,
                            "quantidade": "emb. 525 ml (5 un)",
                            "precoPorQuantidade": "3,79€/lt",
                            "link": "https://www.continente.pt/produto/gelado-calippo-morango-ola-5553145.html?cgid=congelados-gelados",
                            "imagem": "https://www.continente.pt/dw/image/v2/BDVS_PRD/on/demandware.static/-/Sites-col-master-catalog/default/dwfdcbf14e/images/col/555/5553145-hero.jpg?sw=280&sh=280"
                        },
                        {
                            "marca": "Continente",
                            "descricao": "Gelado Mini Sandwich",
                            "preco": "1,99€",
                            "preco_antigo": null,
                            "quantidade": "emb. 510 ml (6 un)",
                            "precoPorQuantidade": "3,90€/lt",
                            "link": "https://www.continente.pt/produto/gelado-mini-sandwich-continente-6592674.html?cgid=congelados-gelados",
                            "imagem": "https://www.continente.pt/dw/image/v2/BDVS_PRD/on/demandware.static/-/Sites-col-master-catalog/default/dw6ffc69fa/images/col/659/6592674-hero.jpg?sw=280&sh=280"
                        },
                        {
                            "marca": "Continente",
                            "descricao": "Gelado Mini Magníficos Sortido de Clássicos",
                            "preco": "2,49€",
                            "preco_antigo": null,
                            "quantidade": "emb. 600 ml (12 un)",
                            "precoPorQuantidade": "4,15€/lt",
                            "link": "https://www.continente.pt/produto/gelado-mini-magnificos-sortido-de-classicos-continente-7430573.html?cgid=congelados-gelados",
                            "imagem": "https://www.continente.pt/dw/image/v2/BDVS_PRD/on/demandware.static/-/Sites-col-master-catalog/default/dw2ddf0c26/images/col/743/7430573-frente.jpg?sw=280&sh=280"
                        },
                        {
                            "marca": "Continente",
                            "descricao": "Gelado Magnífico Cookies",
                            "preco": "2,49€",
                            "preco_antigo": null,
                            "quantidade": "emb. 600 ml (6 un)",
                            "precoPorQuantidade": "4,15€/lt",
                            "link": "https://www.continente.pt/produto/gelado-magnifico-cookies-continente-7540600.html?cgid=congelados-gelados",
                            "imagem": "https://www.continente.pt/dw/image/v2/BDVS_PRD/on/demandware.static/-/Sites-col-master-catalog/default/dw107be89b/images/col/754/7540600-frente.jpg?sw=280&sh=280"
                        },
                        {
                            "marca": "Nutrégi",
                            "descricao": "Gelado Nata sem Lactose",
                            "preco": "2,14€",
                            "preco_antigo": null,
                            "quantidade": "emb. 500 ml",
                            "precoPorQuantidade": "4,28€/lt",
                            "link": "https://www.continente.pt/produto/gelado-nata-sem-lactose-nutregi-5323151.html?cgid=congelados-gelados",
                            "imagem": "https://www.continente.pt/dw/image/v2/BDVS_PRD/on/demandware.static/-/Sites-col-master-catalog/default/dwe4827adc/images/col/532/5323151-frente.jpg?sw=280&sh=280"
                        },
                        {
                            "marca": "Nutrégi",
                            "descricao": "Gelado Morango sem Lactose",
                            "preco": "2,14€",
                            "preco_antigo": null,
                            "quantidade": "emb. 500 ml",
                            "precoPorQuantidade": "4,28€/lt",
                            "link": "https://www.continente.pt/produto/gelado-morango-sem-lactose-nutregi-5531606.html?cgid=congelados-gelados",
                            "imagem": "https://www.continente.pt/dw/image/v2/BDVS_PRD/on/demandware.static/-/Sites-col-master-catalog/default/dw9b19b243/images/col/553/5531606-frente.jpg?sw=280&sh=280"
                        },
                        {
                            "marca": "Continente",
                            "descricao": "Gelado Frutipop",
                            "preco": "1,59€",
                            "preco_antigo": null,
                            "quantidade": "emb. 368 ml (8 un)",
                            "precoPorQuantidade": "4,32€/lt",
                            "link": "https://www.continente.pt/produto/gelado-frutipop-continente-7164607.html?cgid=congelados-gelados",
                            "imagem": "https://www.continente.pt/dw/image/v2/BDVS_PRD/on/demandware.static/-/Sites-col-master-catalog/default/dwbe054769/images/col/716/7164607-frente.jpg?sw=280&sh=280"
                        },
                        {
                            "marca": "Continente Equilíbrio",
                            "descricao": "Gelado Chocolate sem Açúcar",
                            "preco": "2,29€",
                            "preco_antigo": null,
                            "quantidade": "emb. 500 ml",
                            "precoPorQuantidade": "4,58€/lt",
                            "link": "https://www.continente.pt/produto/gelado-chocolate-sem-acucar-continente-equilibrio-6898290.html?cgid=congelados-gelados",
                            "imagem": "https://www.continente.pt/dw/image/v2/BDVS_PRD/on/demandware.static/-/Sites-col-master-catalog/default/dw56b4b752/images/col/689/6898290-hero.jpg?sw=280&sh=280"
                        },
                        {
                            "marca": "Continente Equilíbrio",
                            "descricao": "Gelado Morango sem Açúcar",
                            "preco": "2,29€",
                            "preco_antigo": null,
                            "quantidade": "emb. 500 ml",
                            "precoPorQuantidade": "4,58€/lt",
                            "link": "https://www.continente.pt/produto/gelado-morango-sem-acucar-continente-equilibrio-6898287.html?cgid=congelados-gelados",
                            "imagem": "https://www.continente.pt/dw/image/v2/BDVS_PRD/on/demandware.static/-/Sites-col-master-catalog/default/dw63c2eb9c/images/col/689/6898287-hero.jpg?sw=280&sh=280"
                        },
                        {
                            "marca": "Continente Equilíbrio",
                            "descricao": "Gelado Baunilha sem Açúcar",
                            "preco": "2,29€",
                            "preco_antigo": null,
                            "quantidade": "emb. 500 ml",
                            "precoPorQuantidade": "4,58€/lt",
                            "link": "https://www.continente.pt/produto/gelado-baunilha-sem-acucar-continente-equilibrio-6898285.html?cgid=congelados-gelados",
                            "imagem": "https://www.continente.pt/dw/image/v2/BDVS_PRD/on/demandware.static/-/Sites-col-master-catalog/default/dw4d6d5ab4/images/col/689/6898285-hero.jpg?sw=280&sh=280"
                        },
                        {
                            "marca": "Viennetta",
                            "descricao": "Tarte Gelada Baunilha",
                            "preco": "2,99€",
                            "preco_antigo": null,
                            "quantidade": "emb. 650 ml",
                            "precoPorQuantidade": "4,60€/lt",
                            "link": "https://www.continente.pt/produto/tarte-gelada-baunilha-viennetta-2211953.html?cgid=congelados-gelados",
                            "imagem": "https://www.continente.pt/dw/image/v2/BDVS_PRD/on/demandware.static/-/Sites-col-master-catalog/default/dw1e57ba5d/images/col/221/2211953-hero.jpg?sw=280&sh=280"
                        },
                        {
                            "marca": "Olá",
                            "descricao": "Gelado Mini Milk",
                            "preco": "1,99€",
                            "preco_antigo": null,
                            "quantidade": "emb. 420 ml (12 un)",
                            "precoPorQuantidade": "4,74€/lt",
                            "link": "https://www.continente.pt/produto/gelado-mini-milk-ola-2698380.html?cgid=congelados-gelados",
                            "imagem": "https://www.continente.pt/dw/image/v2/BDVS_PRD/on/demandware.static/-/Sites-col-master-catalog/default/dw0a49d65b/images/col/269/2698380-hero.jpg?sw=280&sh=280"
                        },
                        {
                            "marca": "Cornetto",
                            "descricao": "Gelado Mint",
                            "preco": "2,58€",
                            "preco_antigo": null,
                            "quantidade": "emb. 540 ml (6 un)",
                            "precoPorQuantidade": "4,78€/lt",
                            "link": "https://www.continente.pt/produto/gelado-mint-cornetto-7105635.html?cgid=congelados-gelados",
                            "imagem": "https://www.continente.pt/dw/image/v2/BDVS_PRD/on/demandware.static/-/Sites-col-master-catalog/default/dw58a45dbe/images/col/710/7105635-hero.jpg?sw=280&sh=280"
                        },
                        {
                            "marca": "Cornetto",
                            "descricao": "Gelado Chocolate",
                            "preco": "2,58€",
                            "preco_antigo": null,
                            "quantidade": "emb. 540 ml (6 un)",
                            "precoPorQuantidade": "4,78€/lt",
                            "link": "https://www.continente.pt/produto/gelado-chocolate-cornetto-7371929.html?cgid=congelados-gelados",
                            "imagem": "https://www.continente.pt/dw/image/v2/BDVS_PRD/on/demandware.static/-/Sites-col-master-catalog/default/dw0c6a7ba8/images/col/737/7371929-hero.jpg?sw=280&sh=280"
                        },
                        {
                            "marca": "Cornetto",
                            "descricao": "Gelado Clássico",
                            "preco": "2,58€",
                            "preco_antigo": null,
                            "quantidade": "emb. 540 ml (6 un)",
                            "precoPorQuantidade": "4,78€/lt",
                            "link": "https://www.continente.pt/produto/gelado-classico-cornetto-7371928.html?cgid=congelados-gelados",
                            "imagem": "https://www.continente.pt/dw/image/v2/BDVS_PRD/on/demandware.static/-/Sites-col-master-catalog/default/dw5685a45e/images/col/737/7371928-hero.jpg?sw=280&sh=280"
                        },
                        {
                            "marca": "Cornetto",
                            "descricao": "Gelado Morango",
                            "preco": "2,58€",
                            "preco_antigo": null,
                            "quantidade": "emb. 540 ml (6 un)",
                            "precoPorQuantidade": "4,78€/lt",
                            "link": "https://www.continente.pt/produto/gelado-morango-cornetto-5564190.html?cgid=congelados-gelados",
                            "imagem": "https://www.continente.pt/dw/image/v2/BDVS_PRD/on/demandware.static/-/Sites-col-master-catalog/default/dw75e7c327/images/col/556/5564190-hero.jpg?sw=280&sh=280"
                        },
                        {
                            "marca": "Cornetto",
                            "descricao": "Gelado Soft Cookie & Chocolate",
                            "preco": "2,99€",
                            "preco_antigo": null,
                            "quantidade": "emb. 560 ml (4 un)",
                            "precoPorQuantidade": "5,34€/lt",
                            "link": "https://www.continente.pt/produto/gelado-soft-cookie-chocolate-cornetto-7521866.html?cgid=congelados-gelados",
                            "imagem": "https://www.continente.pt/dw/image/v2/BDVS_PRD/on/demandware.static/-/Sites-col-master-catalog/default/dw63b27f5d/images/col/752/7521866-esquerdo.jpg?sw=280&sh=280"
                        },
                        {
                            "marca": "Cornetto",
                            "descricao": "Gelado Soft Morango",
                            "preco": "2,99€",
                            "preco_antigo": null,
                            "quantidade": "emb. 560 ml (4 un)",
                            "precoPorQuantidade": "5,34€/lt",
                            "link": "https://www.continente.pt/produto/gelado-soft-morango-cornetto-7521868.html?cgid=congelados-gelados",
                            "imagem": "https://www.continente.pt/dw/image/v2/BDVS_PRD/on/demandware.static/-/Sites-col-master-catalog/default/dw5e18ca90/images/col/752/7521868-hero.jpg?sw=280&sh=280"
                        },
                        {
                            "marca": "Continente",
                            "descricao": "Gelado Caramel Brownie Dairy Free Vegan Sem Lactose",
                            "preco": "2,99€",
                            "preco_antigo": "3,29€",
                            "quantidade": "emb. 500 ml",
                            "precoPorQuantidade": "5,98€ /lt",
                            "link": "https://www.continente.pt/produto/gelado-caramel-brownie-dairy-free-vegan-sem-lactose-continente-7411096.html?cgid=congelados-gelados",
                            "imagem": "https://www.continente.pt/dw/image/v2/BDVS_PRD/on/demandware.static/-/Sites-col-master-catalog/default/dwc4b70c42/images/col/741/7411096-frente.jpg?sw=280&sh=280"
                        },
                        {
                            "marca": "Continente",
                            "descricao": "Gelado Caramelo Salgado Dairy Free Vegan Sem Lactose",
                            "preco": "2,99€",
                            "preco_antigo": "3,29€",
                            "quantidade": "emb. 500 ml",
                            "precoPorQuantidade": "5,98€/lt",
                            "link": "https://www.continente.pt/produto/gelado-caramelo-salgado-dairy-free-vegan-sem-lactose-continente-7411521.html?cgid=congelados-gelados",
                            "imagem": "https://www.continente.pt/dw/image/v2/BDVS_PRD/on/demandware.static/-/Sites-col-master-catalog/default/dwba6c44b1/images/col/741/7411521-frente.jpg?sw=280&sh=280"
                        },
                        {
                            "marca": "Continente",
                            "descricao": "Gelado Pipoca com Caramelo",
                            "preco": "2,99€",
                            "preco_antigo": null,
                            "quantidade": "emb. 500 ml",
                            "precoPorQuantidade": "5,98€/lt",
                            "link": "https://www.continente.pt/produto/gelado-pipoca-com-caramelo-continente-7165897.html?cgid=congelados-gelados",
                            "imagem": "https://www.continente.pt/dw/image/v2/BDVS_PRD/on/demandware.static/-/Sites-col-master-catalog/default/dw316e037a/images/col/716/7165897-hero.jpg?sw=280&sh=280"
                        },
                        {
                            "marca": "Continente",
                            "descricao": "Gelado Caramelo e Amendoim",
                            "preco": "2,99€",
                            "preco_antigo": null,
                            "quantidade": "emb. 500 ml",
                            "precoPorQuantidade": "5,98€/lt",
                            "link": "https://www.continente.pt/produto/gelado-caramelo-e-amendoim-continente-7411555.html?cgid=congelados-gelados",
                            "imagem": "https://www.continente.pt/dw/image/v2/BDVS_PRD/on/demandware.static/-/Sites-col-master-catalog/default/dw2fbcbb89/images/col/741/7411555-frente.jpg?sw=280&sh=280"
                        },
                        {
                            "marca": "Continente",
                            "descricao": "Gelado Cheesecake de Frutos Vermelhos Dairy Free Vegan",
                            "preco": "2,99€",
                            "preco_antigo": "3,29€",
                            "quantidade": "emb. 500 ml",
                            "precoPorQuantidade": "5,98€/lt",
                            "link": "https://www.continente.pt/produto/gelado-cheesecake-de-frutos-vermelhos-dairy-free-vegan-continente-7411098.html?cgid=congelados-gelados",
                            "imagem": "https://www.continente.pt/dw/image/v2/BDVS_PRD/on/demandware.static/-/Sites-col-master-catalog/default/dw9623f942/images/col/741/7411098-frente.jpg?sw=280&sh=280"
                        },
                        {
                            "marca": "Viennetta",
                            "descricao": "Tarte Gelada Morango",
                            "preco": "3,99€",
                            "preco_antigo": null,
                            "quantidade": "emb. 650 ml",
                            "precoPorQuantidade": "6,14€/lt",
                            "link": "https://www.continente.pt/produto/tarte-gelada-morango-viennetta-2212364.html?cgid=congelados-gelados",
                            "imagem": "https://www.continente.pt/dw/image/v2/BDVS_PRD/on/demandware.static/-/Sites-col-master-catalog/default/dw096c0ebb/images/col/221/2212364-hero.jpg?sw=280&sh=280"
                        },
                        {
                            "marca": "Viennetta",
                            "descricao": "Tarte Gelada de Chocolate",
                            "preco": "3,99€",
                            "preco_antigo": null,
                            "quantidade": "emb. 650 ml",
                            "precoPorQuantidade": "6,14€/lt",
                            "link": "https://www.continente.pt/produto/tarte-gelada-de-chocolate-viennetta-2844079.html?cgid=congelados-gelados",
                            "imagem": "https://www.continente.pt/dw/image/v2/BDVS_PRD/on/demandware.static/-/Sites-col-master-catalog/default/dw2f44388c/images/col/284/2844079-hero.jpg?sw=280&sh=280"
                        },
                        {
                            "marca": "Viennetta",
                            "descricao": "Tarte Gelada Caramel Biscuit",
                            "preco": "3,99€",
                            "preco_antigo": null,
                            "quantidade": "emb. 650 ml",
                            "precoPorQuantidade": "6,14€/lt",
                            "link": "https://www.continente.pt/produto/tarte-gelada-caramel-biscuit-viennetta-2686819.html?cgid=congelados-gelados",
                            "imagem": "https://www.continente.pt/dw/image/v2/BDVS_PRD/on/demandware.static/-/Sites-col-master-catalog/default/dw61a127e7/images/col/268/2686819-hero.jpg?sw=280&sh=280"
                        },
                        {
                            "marca": "Cornetto",
                            "descricao": "Gelado Mini Clássico",
                            "preco": "2,99€",
                            "preco_antigo": null,
                            "quantidade": "emb. 480 ml (8 un)",
                            "precoPorQuantidade": "€6,23€/lt",
                            "link": "https://www.continente.pt/produto/gelado-mini-classico-cornetto-6470103.html?cgid=congelados-gelados",
                            "imagem": "https://www.continente.pt/dw/image/v2/BDVS_PRD/on/demandware.static/-/Sites-col-master-catalog/default/dwcfb8d383/images/col/647/6470103-direito.jpg?sw=280&sh=280"
                        },
                        {
                            "marca": "Carte D'Or",
                            "descricao": "Gelado Romântica",
                            "preco": "4,79€",
                            "preco_antigo": null,
                            "quantidade": "emb. 750 ml",
                            "precoPorQuantidade": "6,39€/lt",
                            "link": "https://www.continente.pt/produto/gelado-romantica-carte-dor-7141073.html?cgid=congelados-gelados",
                            "imagem": "https://www.continente.pt/dw/image/v2/BDVS_PRD/on/demandware.static/-/Sites-col-master-catalog/default/dwa495ca32/images/col/714/7141073-hero.jpg?sw=280&sh=280"
                        },
                        {
                            "marca": "Continente",
                            "descricao": "Gelado Mini Classicone Morango",
                            "preco": "2,29€",
                            "preco_antigo": null,
                            "quantidade": "emb. 336 ml (12 unidades)",
                            "precoPorQuantidade": "6,82€/lt",
                            "link": "https://www.continente.pt/produto/gelado-mini-classicone-morango-continente-7408317.html?cgid=congelados-gelados",
                            "imagem": "https://www.continente.pt/dw/image/v2/BDVS_PRD/on/demandware.static/-/Sites-col-master-catalog/default/dw6a12ed08/images/col/740/7408317-frente.jpg?sw=280&sh=280"
                        },
                        {
                            "marca": "Continente",
                            "descricao": "Gelado Mini Classicone Maracujá",
                            "preco": "2,29€",
                            "preco_antigo": null,
                            "quantidade": "emb. 12 un",
                            "precoPorQuantidade": "6,82€/kg",
                            "link": "https://www.continente.pt/produto/gelado-mini-classicone-maracuja-continente-7584207.html?cgid=congelados-gelados",
                            "imagem": "https://www.continente.pt/dw/image/v2/BDVS_PRD/on/demandware.static/-/Sites-col-master-catalog/default/dw6869bddc/images/col/758/7584207-frente.jpg?sw=280&sh=280"
                        },
                        {
                            "marca": "Continente",
                            "descricao": "Gelado Chocolate Crunch Dark Brownie Temptation",
                            "preco": "3,49€",
                            "preco_antigo": null,
                            "quantidade": "emb. 500 ml",
                            "precoPorQuantidade": "6,98€/lt",
                            "link": "https://www.continente.pt/produto/gelado-chocolate-crunch-dark-brownie-temptation-continente-7411556.html?cgid=congelados-gelados",
                            "imagem": "https://www.continente.pt/dw/image/v2/BDVS_PRD/on/demandware.static/-/Sites-col-master-catalog/default/dwb7a4df33/images/col/741/7411556-frente.jpg?sw=280&sh=280"
                        },
                        {
                            "marca": "Continente",
                            "descricao": "Gelado Chocolate Crunch Milk Caramel Pretzel",
                            "preco": "3,49€",
                            "preco_antigo": null,
                            "quantidade": "emb. 500 ml",
                            "precoPorQuantidade": "6,98€/lt",
                            "link": "https://www.continente.pt/produto/gelado-chocolate-crunch-milk-caramel-pretzel-continente-7411557.html?cgid=congelados-gelados",
                            "imagem": "https://www.continente.pt/dw/image/v2/BDVS_PRD/on/demandware.static/-/Sites-col-master-catalog/default/dw0c6e7a98/images/col/741/7411557-frente.jpg?sw=280&sh=280"
                        },
                        {
                            "marca": "Magnum",
                            "descricao": "Gelado Mini Três Chocolates",
                            "preco": "3,99€",
                            "preco_antigo": null,
                            "quantidade": "emb. 550 ml (10 un)",
                            "precoPorQuantidade": "7,25€/lt",
                            "link": "https://www.continente.pt/produto/gelado-mini-tres-chocolates-magnum-7390755.html?cgid=congelados-gelados",
                            "imagem": "https://www.continente.pt/dw/image/v2/BDVS_PRD/on/demandware.static/-/Sites-col-master-catalog/default/dw2bf6e0bb/images/col/739/7390755-frente.jpg?sw=280&sh=280"
                        },
                        {
                            "marca": "Continente",
                            "descricao": "Gelado Mini Magnífico Double Caramelo",
                            "preco": "2,29€",
                            "preco_antigo": null,
                            "quantidade": "emb. 300 ml (6 un)",
                            "precoPorQuantidade": "7,63€/kg",
                            "link": "https://www.continente.pt/produto/gelado-mini-magnifico-double-caramelo-continente-7201255.html?cgid=congelados-gelados",
                            "imagem": "https://www.continente.pt/dw/image/v2/BDVS_PRD/on/demandware.static/-/Sites-col-master-catalog/default/dw99c6aa84/images/col/720/7201255-hero.jpg?sw=280&sh=280"
                        },
                        {
                            "marca": "Olá",
                            "descricao": "Gelado Fizz Limão",
                            "preco": "2,99€",
                            "preco_antigo": null,
                            "quantidade": "emb. 330 ml (6 un)",
                            "precoPorQuantidade": "8,31€/lt",
                            "link": "https://www.continente.pt/produto/gelado-fizz-limao-ola-5045043.html?cgid=congelados-gelados",
                            "imagem": "https://www.continente.pt/dw/image/v2/BDVS_PRD/on/demandware.static/-/Sites-col-master-catalog/default/dw07edd5dc/images/col/504/5045043-direito.jpg?sw=280&sh=280"
                        },
                        {
                            "marca": "Olá",
                            "descricao": "Gelado Feast",
                            "preco": "2,99€",
                            "preco_antigo": null,
                            "quantidade": "emb. 360 ml (4 un)",
                            "precoPorQuantidade": "8,31€/lt",
                            "link": "https://www.continente.pt/produto/gelado-feast-ola-7141071.html?cgid=congelados-gelados",
                            "imagem": "https://www.continente.pt/dw/image/v2/BDVS_PRD/on/demandware.static/-/Sites-col-master-catalog/default/dw87c325d6/images/col/714/7141071-hero.jpg?sw=280&sh=280"
                        },
                        {
                            "marca": "Magnum",
                            "descricao": "Gelado White Chocolate and Cookies",
                            "preco": "3,89€",
                            "preco_antigo": null,
                            "quantidade": "emb. 440 ml",
                            "precoPorQuantidade": "8,84€/lt",
                            "link": "https://www.continente.pt/produto/gelado-white-chocolate-and-cookies-magnum-6845206.html?cgid=congelados-gelados",
                            "imagem": "https://www.continente.pt/dw/image/v2/BDVS_PRD/on/demandware.static/-/Sites-col-master-catalog/default/dwc3b56ed6/images/col/684/6845206-hero.jpg?sw=280&sh=280"
                        },
                        {
                            "marca": "Magnum",
                            "descricao": "Gelado Double Gold Caramel Billionaire",
                            "preco": "3,89€",
                            "preco_antigo": null,
                            "quantidade": "emb. 440 ml",
                            "precoPorQuantidade": "8,84€/lt",
                            "link": "https://www.continente.pt/produto/gelado-double-gold-caramel-billionaire-magnum-7335491.html?cgid=congelados-gelados",
                            "imagem": "https://www.continente.pt/dw/image/v2/BDVS_PRD/on/demandware.static/-/Sites-col-master-catalog/default/dwc38f85fe/images/col/733/7335491-hero.jpg?sw=280&sh=280"
                        },
                        {
                            "marca": "Magnum",
                            "descricao": "Gelado Classic",
                            "preco": "3,89€",
                            "preco_antigo": null,
                            "quantidade": "emb. 440 ml",
                            "precoPorQuantidade": "8,84€/lt",
                            "link": "https://www.continente.pt/produto/gelado-classic-magnum-6089395.html?cgid=congelados-gelados",
                            "imagem": "https://www.continente.pt/dw/image/v2/BDVS_PRD/on/demandware.static/-/Sites-col-master-catalog/default/dwe49e0cd5/images/col/608/6089395-hero.jpg?sw=280&sh=280"
                        },
                        {
                            "marca": "Magnum",
                            "descricao": "Gelado Double Salted Caramel",
                            "preco": "3,89€",
                            "preco_antigo": null,
                            "quantidade": "emb. 440 ml",
                            "precoPorQuantidade": "8,84€/lt",
                            "link": "https://www.continente.pt/produto/gelado-double-salted-caramel-magnum-6850010.html?cgid=congelados-gelados",
                            "imagem": "https://www.continente.pt/dw/image/v2/BDVS_PRD/on/demandware.static/-/Sites-col-master-catalog/default/dwf9bd7b56/images/col/685/6850010-hero.jpg?sw=280&sh=280"
                        },
                        {
                            "marca": "Magnum",
                            "descricao": "Gelado Almond",
                            "preco": "3,89€",
                            "preco_antigo": null,
                            "quantidade": "emb. 440 ml",
                            "precoPorQuantidade": "8,84€/lt",
                            "link": "https://www.continente.pt/produto/gelado-almond-magnum-6089406.html?cgid=congelados-gelados",
                            "imagem": "https://www.continente.pt/dw/image/v2/BDVS_PRD/on/demandware.static/-/Sites-col-master-catalog/default/dwc8c9b6ca/images/col/608/6089406-hero.jpg?sw=280&sh=280"
                        },
                        {
                            "marca": "Magnum",
                            "descricao": "Gelado White Chocolate",
                            "preco": "3,89€",
                            "preco_antigo": null,
                            "quantidade": "emb. 440 ml",
                            "precoPorQuantidade": "8,84€/lt",
                            "link": "https://www.continente.pt/produto/gelado-white-chocolate-magnum-6089403.html?cgid=congelados-gelados",
                            "imagem": "https://www.continente.pt/dw/image/v2/BDVS_PRD/on/demandware.static/-/Sites-col-master-catalog/default/dw40200052/images/col/608/6089403-hero.jpg?sw=280&sh=280"
                        },
                        {
                            "marca": "Magnum",
                            "descricao": "Gelado Mini Chocolate Branco e Amêndoa",
                            "preco": "2,99€",
                            "preco_antigo": null,
                            "quantidade": "emb. 330 ml (6 un)",
                            "precoPorQuantidade": "9,06€/lt",
                            "link": "https://www.continente.pt/produto/gelado-mini-chocolate-branco-e-amendoa-magnum-6494417.html?cgid=congelados-gelados",
                            "imagem": "https://www.continente.pt/dw/image/v2/BDVS_PRD/on/demandware.static/-/Sites-col-master-catalog/default/dw09b3b069/images/col/649/6494417-frente.jpg?sw=280&sh=280"
                        },
                        {
                            "marca": "Magnum",
                            "descricao": "Gelado Mini Três Chocolates",
                            "preco": "2,99€",
                            "preco_antigo": null,
                            "quantidade": "emb. 330 ml (6 un)",
                            "precoPorQuantidade": "9,06€/lt",
                            "link": "https://www.continente.pt/produto/gelado-mini-tres-chocolates-magnum-6494092.html?cgid=congelados-gelados",
                            "imagem": "https://www.continente.pt/dw/image/v2/BDVS_PRD/on/demandware.static/-/Sites-col-master-catalog/default/dw78726bcc/images/col/649/6494092-frente.jpg?sw=280&sh=280"
                        },
                        {
                            "marca": "Magnum",
                            "descricao": "Gelado Mini Chocolate e Amêndoa",
                            "preco": "2,99€",
                            "preco_antigo": null,
                            "quantidade": "emb. 330 ml (6 un)",
                            "precoPorQuantidade": "9,06€/lt",
                            "link": "https://www.continente.pt/produto/gelado-mini-chocolate-e-amendoa-magnum-6494098.html?cgid=congelados-gelados",
                            "imagem": "https://www.continente.pt/dw/image/v2/BDVS_PRD/on/demandware.static/-/Sites-col-master-catalog/default/dw190437d3/images/col/649/6494098-hero.jpg?sw=280&sh=280"
                        },
                        {
                            "marca": "Magnum",
                            "descricao": "Gelado Mini Cook Mania",
                            "preco": "2,99€",
                            "preco_antigo": null,
                            "quantidade": "emb. 330 ml (6 un)",
                            "precoPorQuantidade": "9,06€/lt",
                            "link": "https://www.continente.pt/produto/gelado-mini-cook-mania-magnum-7539025.html?cgid=congelados-gelados",
                            "imagem": "https://www.continente.pt/dw/image/v2/BDVS_PRD/on/demandware.static/-/Sites-col-master-catalog/default/dwaa03f05b/images/col/753/7539025-frente.jpg?sw=280&sh=280"
                        },
                        {
                            "marca": "Magnum",
                            "descricao": "Gelado Mini Intense Dark",
                            "preco": "2,99€",
                            "preco_antigo": null,
                            "quantidade": "emb. 330 ml (6 un)",
                            "precoPorQuantidade": "9,06€/lt",
                            "link": "https://www.continente.pt/produto/gelado-mini-intense-dark-magnum-6494390.html?cgid=congelados-gelados",
                            "imagem": "https://www.continente.pt/dw/image/v2/BDVS_PRD/on/demandware.static/-/Sites-col-master-catalog/default/dw0b967718/images/col/649/6494390-frente.jpg?sw=280&sh=280"
                        },
                        {
                            "marca": "Magnum",
                            "descricao": "Gelado Mini Double Framboesa",
                            "preco": "3,29€",
                            "preco_antigo": null,
                            "quantidade": "emb. 360 ml (6 un)",
                            "precoPorQuantidade": "9,14€/lt",
                            "link": "https://www.continente.pt/produto/gelado-mini-double-framboesa-magnum-6089518.html?cgid=congelados-gelados",
                            "imagem": "https://www.continente.pt/dw/image/v2/BDVS_PRD/on/demandware.static/-/Sites-col-master-catalog/default/dwe017a96f/images/col/608/6089518-hero.jpg?sw=280&sh=280"
                        },
                        {
                            "marca": "Magnum",
                            "descricao": "Gelado Mini Double Caramelo e Chocolate",
                            "preco": "3,29€",
                            "preco_antigo": null,
                            "quantidade": "emb. 360 ml (6 un)",
                            "precoPorQuantidade": "9,14€/lt",
                            "link": "https://www.continente.pt/produto/gelado-mini-double-caramelo-e-chocolate-magnum-2858254.html?cgid=congelados-gelados",
                            "imagem": "https://www.continente.pt/dw/image/v2/BDVS_PRD/on/demandware.static/-/Sites-col-master-catalog/default/dw3be7e8f4/images/col/285/2858254-hero.jpg?sw=280&sh=280"
                        },
                        {
                            "marca": "Magnum",
                            "descricao": "Gelado Mini Double Caramelo",
                            "preco": "3,29€",
                            "preco_antigo": null,
                            "quantidade": "emb. 360 ml (6 un)",
                            "precoPorQuantidade": "9,14€/lt",
                            "link": "https://www.continente.pt/produto/gelado-mini-double-caramelo-magnum-6457772.html?cgid=congelados-gelados",
                            "imagem": "https://www.continente.pt/dw/image/v2/BDVS_PRD/on/demandware.static/-/Sites-col-master-catalog/default/dw1a3e11ae/images/col/645/6457772-hero.jpg?sw=280&sh=280"
                        },
                        {
                            "marca": "Magnum",
                            "descricao": "Gelado After Dinner Classic",
                            "preco": "3,29€",
                            "preco_antigo": null,
                            "quantidade": "emb. 350 ml (10 un)",
                            "precoPorQuantidade": "9,40€/lt",
                            "link": "https://www.continente.pt/produto/gelado-after-dinner-classic-magnum-2607166.html?cgid=congelados-gelados",
                            "imagem": "https://www.continente.pt/dw/image/v2/BDVS_PRD/on/demandware.static/-/Sites-col-master-catalog/default/dwd9a9964d/images/col/260/2607166-frente.jpg?sw=280&sh=280"
                        },
                        {
                            "marca": "Olá",
                            "descricao": "Gelado Perna de Pau",
                            "preco": "3,99€",
                            "preco_antigo": null,
                            "quantidade": "emb. 420 ml (6 un)",
                            "precoPorQuantidade": "9,50€/lt",
                            "link": "https://www.continente.pt/produto/gelado-perna-de-pau-ola-4704539.html?cgid=congelados-gelados",
                            "imagem": "https://www.continente.pt/dw/image/v2/BDVS_PRD/on/demandware.static/-/Sites-col-master-catalog/default/dw4ee868f2/images/col/470/4704539-esquerdo.jpg?sw=280&sh=280"
                        },
                        {
                            "marca": "Olá",
                            "descricao": "Gelado Mini Bites de Baunilha",
                            "preco": "0,99€",
                            "preco_antigo": null,
                            "quantidade": "emb. 100 ml (10 un)",
                            "precoPorQuantidade": "9,90€/lt",
                            "link": "https://www.continente.pt/produto/gelado-mini-bites-de-baunilha-ola-7538722.html?cgid=congelados-gelados",
                            "imagem": "https://www.continente.pt/dw/image/v2/BDVS_PRD/on/demandware.static/-/Sites-col-master-catalog/default/dw4835c5da/images/col/753/7538722-frente.jpg?sw=280&sh=280"
                        },
                        {
                            "marca": "Magnum",
                            "descricao": "Gelado Mini Double Gold Caramel Billionaire",
                            "preco": "3,29€",
                            "preco_antigo": null,
                            "quantidade": "emb. 330 gr (6 un)",
                            "precoPorQuantidade": "9,97€/lt",
                            "link": "https://www.continente.pt/produto/gelado-mini-double-gold-caramel-billionaire-magnum-7371936.html?cgid=congelados-gelados",
                            "imagem": "https://www.continente.pt/dw/image/v2/BDVS_PRD/on/demandware.static/-/Sites-col-master-catalog/default/dw6e594ff2/images/col/737/7371936-hero.jpg?sw=280&sh=280"
                        },
                        {
                            "marca": "Magnum Mini",
                            "descricao": "Gelado Mini Mix Vegan",
                            "preco": "3,29€",
                            "preco_antigo": null,
                            "quantidade": "emb. 330 ml (6 un)",
                            "precoPorQuantidade": "9,97€/lt",
                            "link": "https://www.continente.pt/produto/gelado-mini-mix-vegan-magnum-mini-7521870.html?cgid=congelados-gelados",
                            "imagem": "https://www.continente.pt/dw/image/v2/BDVS_PRD/on/demandware.static/-/Sites-col-master-catalog/default/dw5ba2c461/images/col/752/7521870-frente.jpg?sw=280&sh=280"
                        },
                        {
                            "marca": "Continente",
                            "descricao": "Gelado Mini Delights Baunilha",
                            "preco": "3,49€",
                            "preco_antigo": null,
                            "quantidade": "emb. 350 ml (10 un)",
                            "precoPorQuantidade": "9,97€/lt",
                            "link": "https://www.continente.pt/produto/gelado-mini-delights-baunilha-continente-7221517.html?cgid=congelados-gelados",
                            "imagem": "https://www.continente.pt/dw/image/v2/BDVS_PRD/on/demandware.static/-/Sites-col-master-catalog/default/dw07c3a4ce/images/col/722/7221517-hero.jpg?sw=280&sh=280"
                        },
                        {
                            "marca": "Magnum",
                            "descricao": "Gelado Mini Amêndoa Remix",
                            "preco": "3,29€",
                            "preco_antigo": null,
                            "quantidade": "emb. 330 ml (6 un)",
                            "precoPorQuantidade": "9,97€/lt",
                            "link": "https://www.continente.pt/produto/gelado-mini-amendoa-remix-magnum-7521725.html?cgid=congelados-gelados",
                            "imagem": "https://www.continente.pt/dw/image/v2/BDVS_PRD/on/demandware.static/-/Sites-col-master-catalog/default/dwdba4f224/images/col/752/7521725-frente.jpg?sw=280&sh=280"
                        },
                        {
                            "marca": "Olá",
                            "descricao": "Gelado Super Maxi",
                            "preco": "3,99€",
                            "preco_antigo": null,
                            "quantidade": "emb. 390 ml (6 un)",
                            "precoPorQuantidade": "10,23€/lt",
                            "link": "https://www.continente.pt/produto/gelado-super-maxi-ola-4712309.html?cgid=congelados-gelados",
                            "imagem": "https://www.continente.pt/dw/image/v2/BDVS_PRD/on/demandware.static/-/Sites-col-master-catalog/default/dwcbaa940b/images/col/471/4712309-esquerdo.jpg?sw=280&sh=280"
                        },
                        {
                            "marca": "Continente Equilíbrio",
                            "descricao": "Gelado Manga 100% Fruta",
                            "preco": "2,49€",
                            "preco_antigo": null,
                            "quantidade": "emb. 240 ml (4 un)",
                            "precoPorQuantidade": "10,38€/lt",
                            "link": "https://www.continente.pt/produto/gelado-manga-100--fruta-continente-equilibrio-7184412.html?cgid=congelados-gelados",
                            "imagem": "https://www.continente.pt/dw/image/v2/BDVS_PRD/on/demandware.static/-/Sites-col-master-catalog/default/dw96d238b7/images/col/718/7184412-hero.jpg?sw=280&sh=280"
                        },
                        {
                            "marca": "Olá",
                            "descricao": "Gelado Pé Morango",
                            "preco": "4,99€",
                            "preco_antigo": null,
                            "quantidade": "emb. 474 ml (6 un)",
                            "precoPorQuantidade": "10,53€/lt",
                            "link": "https://www.continente.pt/produto/gelado-pe-morango-ola-7539027.html?cgid=congelados-gelados",
                            "imagem": "https://www.continente.pt/dw/image/v2/BDVS_PRD/on/demandware.static/-/Sites-col-master-catalog/default/dw661aa903/images/col/753/7539027-hero.jpg?sw=280&sh=280"
                        },
                        {
                            "marca": "Continente Seleção",
                            "descricao": "Gelado Ovos Moles de Aveiro",
                            "preco": "4,99€",
                            "preco_antigo": null,
                            "quantidade": "emb. 450 ml",
                            "precoPorQuantidade": "11,09€/lt",
                            "link": "https://www.continente.pt/produto/gelado-ovos-moles-de-aveiro-continente-selecao-7169829.html?cgid=congelados-gelados",
                            "imagem": "https://www.continente.pt/dw/image/v2/BDVS_PRD/on/demandware.static/-/Sites-col-master-catalog/default/dw0587b02d/images/col/716/7169829-hero.jpg?sw=280&sh=280"
                        },
                        {
                            "marca": "Continente Seleção",
                            "descricao": "Gelado Requeijão com Doce de Abóbora",
                            "preco": "4,99€",
                            "preco_antigo": null,
                            "quantidade": "emb. 450 ml",
                            "precoPorQuantidade": "11,09€/lt",
                            "link": "https://www.continente.pt/produto/gelado-requeijao-com-doce-de-abobora-continente-selecao-7169819.html?cgid=congelados-gelados",
                            "imagem": "https://www.continente.pt/dw/image/v2/BDVS_PRD/on/demandware.static/-/Sites-col-master-catalog/default/dwc92257ca/images/col/716/7169819-hero.jpg?sw=280&sh=280"
                        },
                        {
                            "marca": "Continente Seleção",
                            "descricao": "Gelado Chocolate com Suspiro",
                            "preco": "4,99€",
                            "preco_antigo": null,
                            "quantidade": "emb. 450 ml",
                            "precoPorQuantidade": "11,09€/lt",
                            "link": "https://www.continente.pt/produto/gelado-chocolate-com-suspiro-continente-selecao-7169801.html?cgid=congelados-gelados",
                            "imagem": "https://www.continente.pt/dw/image/v2/BDVS_PRD/on/demandware.static/-/Sites-col-master-catalog/default/dw95646a65/images/col/716/7169801-hero.jpg?sw=280&sh=280"
                        },
                        {
                            "marca": "Continente Seleção",
                            "descricao": "Gelado Pastel de Nata",
                            "preco": "4,99€",
                            "preco_antigo": null,
                            "quantidade": "emb. 450 ml",
                            "precoPorQuantidade": "11,09€/lt",
                            "link": "https://www.continente.pt/produto/gelado-pastel-de-nata-continente-selecao-7169800.html?cgid=congelados-gelados",
                            "imagem": "https://www.continente.pt/dw/image/v2/BDVS_PRD/on/demandware.static/-/Sites-col-master-catalog/default/dwd62be4d2/images/col/716/7169800-hero.jpg?sw=280&sh=280"
                        },
                        {
                            "marca": "Magnum",
                            "descricao": "Gelado Double Caramel",
                            "preco": "2,99€",
                            "preco_antigo": null,
                            "quantidade": "emb. 264 ml (3 un)",
                            "precoPorQuantidade": "11,33€/lt",
                            "link": "https://www.continente.pt/produto/gelado-double-caramel-magnum-7539021.html?cgid=congelados-gelados",
                            "imagem": "https://www.continente.pt/dw/image/v2/BDVS_PRD/on/demandware.static/-/Sites-col-master-catalog/default/dw1571ee26/images/col/753/7539021-hero.jpg?sw=280&sh=280"
                        },
                        {
                            "marca": "Magnum",
                            "descricao": "Gelado Strawberry & White",
                            "preco": "4,99€",
                            "preco_antigo": null,
                            "quantidade": "emb. 440 ml (4 un)",
                            "precoPorQuantidade": "11,34€/lt",
                            "link": "https://www.continente.pt/produto/gelado-strawberry-white-magnum-4650591.html?cgid=congelados-gelados",
                            "imagem": "https://www.continente.pt/dw/image/v2/BDVS_PRD/on/demandware.static/-/Sites-col-master-catalog/default/dwfc5e6479/images/col/465/4650591-hero.jpg?sw=280&sh=280"
                        },
                        {
                            "marca": "Magnum",
                            "descricao": "Gelado Chocolate Branco com Amêndoa",
                            "preco": "4,99€",
                            "preco_antigo": null,
                            "quantidade": "emb. 400 ml (4 un)",
                            "precoPorQuantidade": "11,34€/lt",
                            "link": "https://www.continente.pt/produto/gelado-chocolate-branco-com-amendoa-magnum-6244285.html?cgid=congelados-gelados",
                            "imagem": "https://www.continente.pt/dw/image/v2/BDVS_PRD/on/demandware.static/-/Sites-col-master-catalog/default/dwb878e86a/images/col/624/6244285-hero.jpg?sw=280&sh=280"
                        },
                        {
                            "marca": "Magnum",
                            "descricao": "Gelado Chocolate e Amêndoa",
                            "preco": "4,99€",
                            "preco_antigo": null,
                            "quantidade": "emb. 440 ml (4 un)",
                            "precoPorQuantidade": "11,34€/lt",
                            "link": "https://www.continente.pt/produto/gelado-chocolate-e-amendoa-magnum-4913140.html?cgid=congelados-gelados",
                            "imagem": "https://www.continente.pt/dw/image/v2/BDVS_PRD/on/demandware.static/-/Sites-col-master-catalog/default/dw53e0e5c8/images/col/491/4913140-hero.jpg?sw=280&sh=280"
                        },
                        {
                            "marca": "Magnum",
                            "descricao": "Gelado Mania Classic",
                            "preco": "9,99€",
                            "preco_antigo": null,
                            "quantidade": "emb. 836 ml (8 un)",
                            "precoPorQuantidade": "11,95€/lt",
                            "link": "https://www.continente.pt/produto/gelado-mania-classic-magnum-7539023.html?cgid=congelados-gelados",
                            "imagem": "https://www.continente.pt/dw/image/v2/BDVS_PRD/on/demandware.static/-/Sites-col-master-catalog/default/dw17076c64/images/col/753/7539023-hero.jpg?sw=280&sh=280"
                        },
                        {
                            "marca": "Valsoia",
                            "descricao": "Gelado Soja Sandwich",
                            "preco": "3,99€",
                            "preco_antigo": null,
                            "quantidade": "emb. 320 gr",
                            "precoPorQuantidade": "12,47€/kg",
                            "link": "https://www.continente.pt/produto/gelado-soja-sandwich-valsoia-6582990.html?cgid=congelados-gelados",
                            "imagem": "https://www.continente.pt/dw/image/v2/BDVS_PRD/on/demandware.static/-/Sites-col-master-catalog/default/dwc2ce927f/images/col/658/6582990-frente.jpg?sw=280&sh=280"
                        },
                        {
                            "marca": "Magnum",
                            "descricao": "Gelado Menta",
                            "preco": "4,99€",
                            "preco_antigo": null,
                            "quantidade": "emb. 400 ml (4 un)",
                            "precoPorQuantidade": "12,48€/lt",
                            "link": "https://www.continente.pt/produto/gelado-menta-magnum-5804089.html?cgid=congelados-gelados",
                            "imagem": "https://www.continente.pt/dw/image/v2/BDVS_PRD/on/demandware.static/-/Sites-col-master-catalog/default/dw9c928962/images/col/580/5804089-hero.jpg?sw=280&sh=280"
                        },
                        {
                            "marca": "Magnum",
                            "descricao": "Gelado Caramel & Nuts",
                            "preco": "5,49€",
                            "preco_antigo": null,
                            "quantidade": "emb. 420 ml (6 un)",
                            "precoPorQuantidade": "13,07€/lt",
                            "link": "https://www.continente.pt/produto/gelado-caramel-nuts-magnum-2582339.html?cgid=congelados-gelados",
                            "imagem": "https://www.continente.pt/dw/image/v2/BDVS_PRD/on/demandware.static/-/Sites-col-master-catalog/default/dwb22f4a0e/images/col/258/2582339-hero.jpg?sw=280&sh=280"
                        },
                        {
                            "marca": "Magnum",
                            "descricao": "Gelado Sweet & Salty Amêndoa Remix",
                            "preco": "5,99€",
                            "preco_antigo": null,
                            "quantidade": "emb. 440 ml",
                            "precoPorQuantidade": "13,61€/lt",
                            "link": "https://www.continente.pt/produto/gelado-sweet-salty-amendoa-remix-magnum-7533196.html?cgid=congelados-gelados",
                            "imagem": "https://www.continente.pt/dw/image/v2/BDVS_PRD/on/demandware.static/-/Sites-col-master-catalog/default/dwb6d67ffb/images/col/753/7533196-hero.jpg?sw=280&sh=280"
                        },
                        {
                            "marca": "Olá",
                            "descricao": "Gelado Disney Frozen Olaf",
                            "preco": "4,99€",
                            "preco_antigo": null,
                            "quantidade": "emb. 360 ml (6 un)",
                            "precoPorQuantidade": "13,86€/lt",
                            "link": "https://www.continente.pt/produto/gelado-disney-frozen-olaf-ola-7558972.html?cgid=congelados-gelados",
                            "imagem": "https://www.continente.pt/dw/image/v2/BDVS_PRD/on/demandware.static/-/Sites-col-master-catalog/default/dw69b4e164/images/col/755/7558972-frente.jpg?sw=280&sh=280"
                        },
                        {
                            "marca": "",
                            "descricao": "O Gelado Tarte Amêndoa",
                            "preco": "6,95€",
                            "preco_antigo": null,
                            "quantidade": "emb. 490 ml",
                            "precoPorQuantidade": "14,18€/lt",
                            "link": "https://www.continente.pt/produto/o-gelado-tarte-amendoa-7613772.html?cgid=congelados-gelados",
                            "imagem": "https://www.continente.pt/dw/image/v2/BDVS_PRD/on/demandware.static/-/Sites-col-master-catalog/default/dwac160651/images/col/761/7613772-frente.jpg?sw=280&sh=280"
                        },
                        {
                            "marca": "Green Dalate",
                            "descricao": "Gelado Artesanal Pistácios",
                            "preco": "4,99€",
                            "preco_antigo": null,
                            "quantidade": "emb. 350 ml",
                            "precoPorQuantidade": null,
                            "link": "https://www.continente.pt/produto/gelado-artesanal-pistacios-green-dalate-6928446.html?cgid=congelados-gelados",
                            "imagem": "https://www.continente.pt/dw/image/v2/BDVS_PRD/on/demandware.static/-/Sites-col-master-catalog/default/dw5e6c5c73/images/col/692/6928446-frente.jpg?sw=280&sh=280"
                        },
                        {
                            "marca": "Ben & Jerry's",
                            "descricao": "Gelado Strawberry Cheesecake",
                            "preco": "6,79€",
                            "preco_antigo": null,
                            "quantidade": "emb. 465 ml",
                            "precoPorQuantidade": "14,60€/lt",
                            "link": "https://www.continente.pt/produto/gelado-strawberry-cheesecake-ben-jerrys-7105632.html?cgid=congelados-gelados",
                            "imagem": "https://www.continente.pt/dw/image/v2/BDVS_PRD/on/demandware.static/-/Sites-col-master-catalog/default/dw427e3160/images/col/710/7105632-hero.jpg?sw=280&sh=280"
                        },
                        {
                            "marca": "Ben & Jerry's",
                            "descricao": "Gelado Chocolate Fudge Brownie",
                            "preco": "6,79€",
                            "preco_antigo": null,
                            "quantidade": "emb. 465 ml",
                            "precoPorQuantidade": "14,60€/lt",
                            "link": "https://www.continente.pt/produto/gelado-chocolate-fudge-brownie-ben-jerrys-7095205.html?cgid=congelados-gelados",
                            "imagem": "https://www.continente.pt/dw/image/v2/BDVS_PRD/on/demandware.static/-/Sites-col-master-catalog/default/dw160e1427/images/col/709/7095205-hero.jpg?sw=280&sh=280"
                        },
                        {
                            "marca": "Ben & Jerry's",
                            "descricao": "Gelado Phish Food",
                            "preco": "6,79€",
                            "preco_antigo": null,
                            "quantidade": "emb. 465 ml",
                            "precoPorQuantidade": "14,60€/lt",
                            "link": "https://www.continente.pt/produto/gelado-phish-food-ben-jerrys-7335517.html?cgid=congelados-gelados",
                            "imagem": "https://www.continente.pt/dw/image/v2/BDVS_PRD/on/demandware.static/-/Sites-col-master-catalog/default/dwacae6882/images/col/733/7335517-hero.jpg?sw=280&sh=280"
                        },
                        {
                            "marca": "Ben & Jerry's",
                            "descricao": "Gelado Chip Happens",
                            "preco": "6,79€",
                            "preco_antigo": null,
                            "quantidade": "emb. 465 ml",
                            "precoPorQuantidade": "14,60€/lt",
                            "link": "https://www.continente.pt/produto/gelado-chip-happens-ben-jerrys-7335492.html?cgid=congelados-gelados",
                            "imagem": "https://www.continente.pt/dw/image/v2/BDVS_PRD/on/demandware.static/-/Sites-col-master-catalog/default/dw1063cb10/images/col/733/7335492-hero.jpg?sw=280&sh=280"
                        },
                        {
                            "marca": "Ben & Jerry's",
                            "descricao": "Gelado Cone Together",
                            "preco": "6,79€",
                            "preco_antigo": null,
                            "quantidade": "emb. 465 ml",
                            "precoPorQuantidade": "14,60€/lt",
                            "link": "https://www.continente.pt/produto/gelado-cone-together-ben-jerrys-7521858.html?cgid=congelados-gelados",
                            "imagem": "https://www.continente.pt/dw/image/v2/BDVS_PRD/on/demandware.static/-/Sites-col-master-catalog/default/dw698318ce/images/col/752/7521858-hero.jpg?sw=280&sh=280"
                        },
                        {
                            "marca": "Ben & Jerry's",
                            "descricao": "Gelado Cookie Dough Non-Dairy Vegan Sem Lactose",
                            "preco": "6,79€",
                            "preco_antigo": null,
                            "quantidade": "emb. 465 ml",
                            "precoPorQuantidade": "14,60€/lt",
                            "link": "https://www.continente.pt/produto/gelado-cookie-dough-non-dairy-vegan-sem-lactose-ben-jerrys-7105459.html?cgid=congelados-gelados",
                            "imagem": "https://www.continente.pt/dw/image/v2/BDVS_PRD/on/demandware.static/-/Sites-col-master-catalog/default/dw97f2152e/images/col/710/7105459-hero.jpg?sw=280&sh=280"
                        },
                        {
                            "marca": "Ben & Jerry's",
                            "descricao": "Gelado Baked Alaska",
                            "preco": "6,79€",
                            "preco_antigo": null,
                            "quantidade": "emb. 465 ml",
                            "precoPorQuantidade": "14,60€/lt",
                            "link": "https://www.continente.pt/produto/gelado-baked-alaska-ben-jerrys-7105628.html?cgid=congelados-gelados",
                            "imagem": "https://www.continente.pt/dw/image/v2/BDVS_PRD/on/demandware.static/-/Sites-col-master-catalog/default/dw3091494f/images/col/710/7105628-hero.jpg?sw=280&sh=280"
                        },
                        {
                            "marca": "Ben & Jerry's",
                            "descricao": "Gelado Caramel Chew Chew",
                            "preco": "6,79€",
                            "preco_antigo": null,
                            "quantidade": "emb. 465 ml",
                            "precoPorQuantidade": "14,60€/lt",
                            "link": "https://www.continente.pt/produto/gelado-caramel-chew-chew-ben-jerrys-7105465.html?cgid=congelados-gelados",
                            "imagem": "https://www.continente.pt/dw/image/v2/BDVS_PRD/on/demandware.static/-/Sites-col-master-catalog/default/dw94c07965/images/col/710/7105465-hero.jpg?sw=280&sh=280"
                        },
                        {
                            "marca": "Ben & Jerry's",
                            "descricao": "Gelado Baunilha e Noz Pecan",
                            "preco": "6,79€",
                            "preco_antigo": null,
                            "quantidade": "emb. 465 ml",
                            "precoPorQuantidade": "14,60€/lt",
                            "link": "https://www.continente.pt/produto/gelado-baunilha-e-noz-pecan-ben-jerrys-7521861.html?cgid=congelados-gelados",
                            "imagem": "https://www.continente.pt/dw/image/v2/BDVS_PRD/on/demandware.static/-/Sites-col-master-catalog/default/dwe46b3faa/images/col/752/7521861-hero.jpg?sw=280&sh=280"
                        },
                        {
                            "marca": "Ben & Jerry's",
                            "descricao": "Gelado Peanut Butter Cup",
                            "preco": "6,79€",
                            "preco_antigo": null,
                            "quantidade": "emb. 465 ml",
                            "precoPorQuantidade": "14,60€/lt",
                            "link": "https://www.continente.pt/produto/gelado-peanut-butter-cup-ben-jerrys-7105463.html?cgid=congelados-gelados",
                            "imagem": "https://www.continente.pt/dw/image/v2/BDVS_PRD/on/demandware.static/-/Sites-col-master-catalog/default/dw3d596a42/images/col/710/7105463-hero.jpg?sw=280&sh=280"
                        },
                        {
                            "marca": "Ben & Jerry's",
                            "descricao": "Gelado Netflix & Chilll'd",
                            "preco": "6,79€",
                            "preco_antigo": null,
                            "quantidade": "emb. 465 ml",
                            "precoPorQuantidade": "14,60€/lt",
                            "link": "https://www.continente.pt/produto/gelado-netflix-chillld-ben-jerrys-7105464.html?cgid=congelados-gelados",
                            "imagem": "https://www.continente.pt/dw/image/v2/BDVS_PRD/on/demandware.static/-/Sites-col-master-catalog/default/dw4670068a/images/col/710/7105464-hero.jpg?sw=280&sh=280"
                        },
                        {
                            "marca": "Ben & Jerry's",
                            "descricao": "Gelado Salt Caramel e Brownie Sem Lactose",
                            "preco": "6,79€",
                            "preco_antigo": null,
                            "quantidade": "emb. 465 ml",
                            "precoPorQuantidade": "14,60€/lt",
                            "link": "https://www.continente.pt/produto/gelado-salt-caramel-e-brownie-sem-lactose-ben-jerrys-7459411.html?cgid=congelados-gelados",
                            "imagem": "https://www.continente.pt/dw/image/v2/BDVS_PRD/on/demandware.static/-/Sites-col-master-catalog/default/dwd88ff527/images/col/745/7459411-hero.jpg?sw=280&sh=280"
                        },
                        {
                            "marca": "Ben & Jerry's",
                            "descricao": "Gelado Caramel Brownie Party",
                            "preco": "6,79€",
                            "preco_antigo": null,
                            "quantidade": "emb. 465 ml",
                            "precoPorQuantidade": "14,60€/lt",
                            "link": "https://www.continente.pt/produto/gelado-caramel-brownie-party-ben-jerrys-7105624.html?cgid=congelados-gelados",
                            "imagem": "https://www.continente.pt/dw/image/v2/BDVS_PRD/on/demandware.static/-/Sites-col-master-catalog/default/dw7c08c137/images/col/710/7105624-hero.jpg?sw=280&sh=280"
                        },
                        {
                            "marca": "Ben & Jerry's",
                            "descricao": "Gelado Cookie Dough",
                            "preco": "6,79€",
                            "preco_antigo": null,
                            "quantidade": "emb. 465 ml",
                            "precoPorQuantidade": "14,60€/lt",
                            "link": "https://www.continente.pt/produto/gelado-cookie-dough-ben-jerrys-7109616.html?cgid=congelados-gelados",
                            "imagem": "https://www.continente.pt/dw/image/v2/BDVS_PRD/on/demandware.static/-/Sites-col-master-catalog/default/dw31ab2a4e/images/col/710/7109616-hero.jpg?sw=280&sh=280"
                        },
                        {
                            "marca": "Häagen-Dazs",
                            "descricao": "Gelado Pralines & Cream",
                            "preco": "6,79€",
                            "preco_antigo": null,
                            "quantidade": "emb. 460 ml",
                            "precoPorQuantidade": "14,76€/lt",
                            "link": "https://www.continente.pt/produto/gelado-pralines-cream-haagen-dazs-6787602.html?cgid=congelados-gelados",
                            "imagem": "https://www.continente.pt/dw/image/v2/BDVS_PRD/on/demandware.static/-/Sites-col-master-catalog/default/dwa82ef284/images/col/678/6787602-hero.jpg?sw=280&sh=280"
                        },
                        {
                            "marca": "Häagen-Dazs",
                            "descricao": "Gelado Strawberries & Cream",
                            "preco": "6,79€",
                            "preco_antigo": null,
                            "quantidade": "emb. 460 ml",
                            "precoPorQuantidade": "14,76€/lt",
                            "link": "https://www.continente.pt/produto/gelado-strawberries-cream-haagen-dazs-6787743.html?cgid=congelados-gelados",
                            "imagem": "https://www.continente.pt/dw/image/v2/BDVS_PRD/on/demandware.static/-/Sites-col-master-catalog/default/dwffe280e4/images/col/678/6787743-hero.jpg?sw=280&sh=280"
                        },
                        {
                            "marca": "Häagen-Dazs",
                            "descricao": "Gelado Caramel Biscuit & Cream",
                            "preco": "6,79€",
                            "preco_antigo": null,
                            "quantidade": "emb. 460 ml",
                            "precoPorQuantidade": "14,76€/lt",
                            "link": "https://www.continente.pt/produto/gelado-caramel-biscuit-cream-haagen-dazs-6787749.html?cgid=congelados-gelados",
                            "imagem": "https://www.continente.pt/dw/image/v2/BDVS_PRD/on/demandware.static/-/Sites-col-master-catalog/default/dw9798144f/images/col/678/6787749-hero.jpg?sw=280&sh=280"
                        },
                        {
                            "marca": "Häagen-Dazs",
                            "descricao": "Gelado Strawberry Cheesecake",
                            "preco": "6,79€",
                            "preco_antigo": null,
                            "quantidade": "emb. 460 ml",
                            "precoPorQuantidade": "14,76€/lt",
                            "link": "https://www.continente.pt/produto/gelado-strawberry-cheesecake-haagen-dazs-6787662.html?cgid=congelados-gelados",
                            "imagem": "https://www.continente.pt/dw/image/v2/BDVS_PRD/on/demandware.static/-/Sites-col-master-catalog/default/dw971b0b0f/images/col/678/6787662-hero.jpg?sw=280&sh=280"
                        },
                        {
                            "marca": "Häagen-Dazs",
                            "descricao": "Gelado Macadamia Nut Brittle",
                            "preco": "6,79€",
                            "preco_antigo": null,
                            "quantidade": "emb. 460 ml",
                            "precoPorQuantidade": "14,76€/lt",
                            "link": "https://www.continente.pt/produto/gelado-macadamia-nut-brittle-haagen-dazs-6787709.html?cgid=congelados-gelados",
                            "imagem": "https://www.continente.pt/dw/image/v2/BDVS_PRD/on/demandware.static/-/Sites-col-master-catalog/default/dw3ad27fef/images/col/678/6787709-hero.jpg?sw=280&sh=280"
                        },
                        {
                            "marca": "Häagen-Dazs",
                            "descricao": "Gelado Belgian Chocolate",
                            "preco": "6,79€",
                            "preco_antigo": null,
                            "quantidade": "emb. 460 ml",
                            "precoPorQuantidade": "14,76€/lt",
                            "link": "https://www.continente.pt/produto/gelado-belgian-chocolate-haagen-dazs-6787746.html?cgid=congelados-gelados",
                            "imagem": "https://www.continente.pt/dw/image/v2/BDVS_PRD/on/demandware.static/-/Sites-col-master-catalog/default/dwb0df2cc9/images/col/678/6787746-hero.jpg?sw=280&sh=280"
                        },
                        {
                            "marca": "Häagen-Dazs",
                            "descricao": "Gelado Doce de Leite",
                            "preco": "6,79€",
                            "preco_antigo": null,
                            "quantidade": "emb. 460 ml",
                            "precoPorQuantidade": "14,76€/lt",
                            "link": "https://www.continente.pt/produto/gelado-doce-de-leite-haagen-dazs-6787595.html?cgid=congelados-gelados",
                            "imagem": "https://www.continente.pt/dw/image/v2/BDVS_PRD/on/demandware.static/-/Sites-col-master-catalog/default/dwf691c071/images/col/678/6787595-hero.jpg?sw=280&sh=280"
                        },
                        {
                            "marca": "Häagen-Dazs",
                            "descricao": "Gelado Brownie Macchiato",
                            "preco": "6,79€",
                            "preco_antigo": null,
                            "quantidade": "emb. 460 ml",
                            "precoPorQuantidade": "14,76€/lt",
                            "link": "https://www.continente.pt/produto/gelado-brownie-macchiato-haagen-dazs-6917673.html?cgid=congelados-gelados",
                            "imagem": "https://www.continente.pt/dw/image/v2/BDVS_PRD/on/demandware.static/-/Sites-col-master-catalog/default/dwdc5bb29d/images/col/691/6917673-hero.jpg?sw=280&sh=280"
                        },
                        {
                            "marca": "Häagen-Dazs",
                            "descricao": "Gelado Peanut Butter Crunch",
                            "preco": "6,79€",
                            "preco_antigo": null,
                            "quantidade": "emb. 460 ml",
                            "precoPorQuantidade": null,
                            "link": "https://www.continente.pt/produto/gelado-peanut-butter-crunch-haagen-dazs-6588803.html?cgid=congelados-gelados",
                            "imagem": "https://www.continente.pt/dw/image/v2/BDVS_PRD/on/demandware.static/-/Sites-col-master-catalog/default/dwf162c2cb/images/col/658/6588803-hero.jpg?sw=280&sh=280"
                        },
                        {
                            "marca": "Häagen-Dazs",
                            "descricao": "Gelado Salted Caramel",
                            "preco": "6,79€",
                            "preco_antigo": null,
                            "quantidade": "emb. 460 ml",
                            "precoPorQuantidade": "14,76€/lt",
                            "link": "https://www.continente.pt/produto/gelado-salted-caramel-haagen-dazs-6787748.html?cgid=congelados-gelados",
                            "imagem": "https://www.continente.pt/dw/image/v2/BDVS_PRD/on/demandware.static/-/Sites-col-master-catalog/default/dw69875612/images/col/678/6787748-hero.jpg?sw=280&sh=280"
                        },
                        {
                            "marca": "Olá",
                            "descricao": "Gelado Mini Bites de Morango",
                            "preco": "1,49€",
                            "preco_antigo": null,
                            "quantidade": "emb. 100 ml (10 un)",
                            "precoPorQuantidade": "14,90€ /lt",
                            "link": "https://www.continente.pt/produto/gelado-mini-bites-de-morango-ola-7538679.html?cgid=congelados-gelados",
                            "imagem": "https://www.continente.pt/dw/image/v2/BDVS_PRD/on/demandware.static/-/Sites-col-master-catalog/default/dwcb4eee0e/images/col/753/7538679-frente.jpg?sw=280&sh=280"
                        },
                        {
                            "marca": "",
                            "descricao": "O Gelado Maracujá Vegan",
                            "preco": "6,95€",
                            "preco_antigo": null,
                            "quantidade": "emb. 460 ml",
                            "precoPorQuantidade": "15,11€/lt",
                            "link": "https://www.continente.pt/produto/o-gelado-maracuja-vegan-7616133.html?cgid=congelados-gelados",
                            "imagem": "https://www.continente.pt/dw/image/v2/BDVS_PRD/on/demandware.static/-/Sites-col-master-catalog/default/dwdd5e2372/images/col/761/7616133-hero.jpg?sw=280&sh=280"
                        },
                        {
                            "marca": "Ben & Jerry's",
                            "descricao": "Gelado Cookie Vermont-Ster Sundae",
                            "preco": "6,79€",
                            "preco_antigo": null,
                            "quantidade": "emb. 427 ml",
                            "precoPorQuantidade": "15,90€/lt",
                            "link": "https://www.continente.pt/produto/gelado-cookie-vermont-ster-sundae-ben-jerrys-7521724.html?cgid=congelados-gelados",
                            "imagem": "https://www.continente.pt/dw/image/v2/BDVS_PRD/on/demandware.static/-/Sites-col-master-catalog/default/dwacb8dd9a/images/col/752/7521724-hero.jpg?sw=280&sh=280"
                        },
                        {
                            "marca": "Ben & Jerry's",
                            "descricao": "Gelado Hazelnut Chocolate Sundae",
                            "preco": "6,79€",
                            "preco_antigo": null,
                            "quantidade": "emb. 427 ml",
                            "precoPorQuantidade": "15,90€/lt",
                            "link": "https://www.continente.pt/produto/gelado-hazelnut-chocolate-sundae-ben-jerrys-7521860.html?cgid=congelados-gelados",
                            "imagem": "https://www.continente.pt/dw/image/v2/BDVS_PRD/on/demandware.static/-/Sites-col-master-catalog/default/dw179c4fa3/images/col/752/7521860-hero.jpg?sw=280&sh=280"
                        },
                        {
                            "marca": "Häagen-Dazs",
                            "descricao": "Gelado Duo Belgian Chocolate & Vanilla",
                            "preco": "6,79€",
                            "preco_antigo": null,
                            "quantidade": "emb. 420 ml",
                            "precoPorQuantidade": "16,17€/lt",
                            "link": "https://www.continente.pt/produto/gelado-duo-belgian-chocolate-vanilla-haagen-dazs-7397212.html?cgid=congelados-gelados",
                            "imagem": "https://www.continente.pt/dw/image/v2/BDVS_PRD/on/demandware.static/-/Sites-col-master-catalog/default/dwd2f35340/images/col/739/7397212-hero.jpg?sw=280&sh=280"
                        },
                        {
                            "marca": "Magnum",
                            "descricao": "Gelado Pistachio",
                            "preco": "4,99€",
                            "preco_antigo": null,
                            "quantidade": "emb. 300 ml (3 un)",
                            "precoPorQuantidade": "16,63€/lt",
                            "link": "https://www.continente.pt/produto/gelado-pistachio-magnum-7382716.html?cgid=congelados-gelados",
                            "imagem": "https://www.continente.pt/dw/image/v2/BDVS_PRD/on/demandware.static/-/Sites-col-master-catalog/default/dwa89a450a/images/col/738/7382716-hero.jpg?sw=280&sh=280"
                        },
                        {
                            "marca": "",
                            "descricao": "O Gelado Morango Vegan",
                            "preco": "7,80€",
                            "preco_antigo": null,
                            "quantidade": "emb. 460 ml",
                            "precoPorQuantidade": "16,96€/lt",
                            "link": "https://www.continente.pt/produto/o-gelado-morango-vegan-7616142.html?cgid=congelados-gelados",
                            "imagem": "https://www.continente.pt/dw/image/v2/BDVS_PRD/on/demandware.static/-/Sites-col-master-catalog/default/dw1478fba8/images/col/761/7616142-hero.jpg?sw=280&sh=280"
                        },
                        {
                            "marca": "",
                            "descricao": "O Gelado Chocolate Amargo",
                            "preco": "7,80€",
                            "preco_antigo": null,
                            "quantidade": "emb. 460 ml",
                            "precoPorQuantidade": "16,96€/lt",
                            "link": "https://www.continente.pt/produto/o-gelado-chocolate-amargo-7616070.html?cgid=congelados-gelados",
                            "imagem": "https://www.continente.pt/dw/image/v2/BDVS_PRD/on/demandware.static/-/Sites-col-master-catalog/default/dw3c504272/images/col/761/7616070-frente.jpg?sw=280&sh=280"
                        },
                        {
                            "marca": "",
                            "descricao": "O Gelado Chocolate e Amêndoa Vegan",
                            "preco": "7,80€",
                            "preco_antigo": null,
                            "quantidade": "emb. 460 ml",
                            "precoPorQuantidade": "16,96€/lt",
                            "link": "https://www.continente.pt/produto/o-gelado-chocolate-e-amendoa-vegan-7616131.html?cgid=congelados-gelados",
                            "imagem": "https://www.continente.pt/dw/image/v2/BDVS_PRD/on/demandware.static/-/Sites-col-master-catalog/default/dw888a70c6/images/col/761/7616131-hero.jpg?sw=280&sh=280"
                        },
                        {
                            "marca": "Magnum",
                            "descricao": "Gelado Bomboniera",
                            "preco": "1,19€",
                            "preco_antigo": null,
                            "quantidade": "emb. 70 ml (6 un)",
                            "precoPorQuantidade": "17,00€/lt",
                            "link": "https://www.continente.pt/produto/gelado-bomboniera-magnum-7385105.html?cgid=congelados-gelados",
                            "imagem": "https://www.continente.pt/dw/image/v2/BDVS_PRD/on/demandware.static/-/Sites-col-master-catalog/default/dw84397785/images/col/738/7385105-frente.jpg?sw=280&sh=280"
                        },
                        {
                            "marca": "Häagen-Dazs",
                            "descricao": "Gelado Joys Collection Minicups",
                            "preco": "6,75€",
                            "preco_antigo": null,
                            "quantidade": "emb. 380 ml (4 un)",
                            "precoPorQuantidade": "17,76€/lt",
                            "link": "https://www.continente.pt/produto/gelado-joys-collection-minicups-haagen-dazs-7613915.html?cgid=congelados-gelados",
                            "imagem": "https://www.continente.pt/dw/image/v2/BDVS_PRD/on/demandware.static/-/Sites-col-master-catalog/default/dw92304aa8/images/col/761/7613915-hero.jpg?sw=280&sh=280"
                        },
                        {
                            "marca": "Häagen-Dazs",
                            "descricao": "Gelado Chocolate Collection Minicups",
                            "preco": "6,75€",
                            "preco_antigo": null,
                            "quantidade": "emb. 380 ml (4 un)",
                            "precoPorQuantidade": "17,76€/lt",
                            "link": "https://www.continente.pt/produto/gelado-chocolate-collection-minicups-haagen-dazs-7274486.html?cgid=congelados-gelados",
                            "imagem": "https://www.continente.pt/dw/image/v2/BDVS_PRD/on/demandware.static/-/Sites-col-master-catalog/default/dwcc21cc3c/images/col/727/7274486-hero.jpg?sw=280&sh=280"
                        },
                        {
                            "marca": "Häagen-Dazs",
                            "descricao": "Gelado Caramel Collection Minicups",
                            "preco": "6,75€",
                            "preco_antigo": null,
                            "quantidade": "emb. 380 ml (4 un)",
                            "precoPorQuantidade": "17,76€/lt",
                            "link": "https://www.continente.pt/produto/gelado-caramel-collection-minicups-haagen-dazs-6787772.html?cgid=congelados-gelados",
                            "imagem": "https://www.continente.pt/dw/image/v2/BDVS_PRD/on/demandware.static/-/Sites-col-master-catalog/default/dw24b1cc94/images/col/678/6787772-hero.jpg?sw=280&sh=280"
                        },
                        {
                            "marca": "Häagen-Dazs",
                            "descricao": "Gelado Fruit Collection Minicups",
                            "preco": "6,75€",
                            "preco_antigo": null,
                            "quantidade": "emb. 380 ml (4 un)",
                            "precoPorQuantidade": "17,76€/lt",
                            "link": "https://www.continente.pt/produto/gelado-fruit-collection-minicups-haagen-dazs-6787775.html?cgid=congelados-gelados",
                            "imagem": "https://www.continente.pt/dw/image/v2/BDVS_PRD/on/demandware.static/-/Sites-col-master-catalog/default/dw6a7d71cd/images/col/678/6787775-hero.jpg?sw=280&sh=280"
                        },
                        {
                            "marca": "Häagen-Dazs",
                            "descricao": "Gelado Creamy Fudge Brownie Minicups",
                            "preco": "6,75€",
                            "preco_antigo": null,
                            "quantidade": "emb. 380 ml (4 un)",
                            "precoPorQuantidade": "17,76€/lt",
                            "link": "https://www.continente.pt/produto/gelado-creamy-fudge-brownie-minicups-haagen-dazs-7613913.html?cgid=congelados-gelados",
                            "imagem": "https://www.continente.pt/dw/image/v2/BDVS_PRD/on/demandware.static/-/Sites-col-master-catalog/default/dw17ab5640/images/col/761/7613913-hero.jpg?sw=280&sh=280"
                        },
                        {
                            "marca": "Magnum",
                            "descricao": "Gelado Amêndoa Vegan",
                            "preco": "4,99€",
                            "preco_antigo": null,
                            "quantidade": "emb. 270 ml (3 un)",
                            "precoPorQuantidade": null,
                            "link": "https://www.continente.pt/produto/gelado-amendoa-vegan-magnum-6851067.html?cgid=congelados-gelados",
                            "imagem": "https://www.continente.pt/dw/image/v2/BDVS_PRD/on/demandware.static/-/Sites-col-master-catalog/default/dw45186c94/images/col/685/6851067-hero.jpg?sw=280&sh=280"
                        },
                        {
                            "marca": "Magnum",
                            "descricao": "Gelado Salted Caramel & Glazed Almonds",
                            "preco": "4,99€",
                            "preco_antigo": null,
                            "quantidade": "emb. 270 ml (3 un)",
                            "precoPorQuantidade": "18,48€/lt",
                            "link": "https://www.continente.pt/produto/gelado-salted-caramel-glazed-almonds-magnum-7095790.html?cgid=congelados-gelados",
                            "imagem": "https://www.continente.pt/dw/image/v2/BDVS_PRD/on/demandware.static/-/Sites-col-master-catalog/default/dw9b7006c7/images/col/709/7095790-hero.jpg?sw=280&sh=280"
                        },
                        {
                            "marca": "Magnum",
                            "descricao": "Gelado Double Chocolate e Morango",
                            "preco": "4,99€",
                            "preco_antigo": null,
                            "quantidade": "emb. 264 ml (3 un)",
                            "precoPorQuantidade": "18,90€/lt",
                            "link": "https://www.continente.pt/produto/gelado-double-chocolate-e-morango-magnum-7095203.html?cgid=congelados-gelados",
                            "imagem": "https://www.continente.pt/dw/image/v2/BDVS_PRD/on/demandware.static/-/Sites-col-master-catalog/default/dw32ab8639/images/col/709/7095203-hero.jpg?sw=280&sh=280"
                        },
                        {
                            "marca": "Häagen-Dazs",
                            "descricao": "Gelado Chocolate Choc Almond",
                            "preco": "4,69€",
                            "preco_antigo": null,
                            "quantidade": "emb. 720 ml (3 un)",
                            "precoPorQuantidade": "19,54€/lt",
                            "link": "https://www.continente.pt/produto/gelado-chocolate-choc-almond-haagen-dazs-5818402.html?cgid=congelados-gelados",
                            "imagem": "https://www.continente.pt/dw/image/v2/BDVS_PRD/on/demandware.static/-/Sites-col-master-catalog/default/dwcc6a5574/images/col/581/5818402-hero.jpg?sw=280&sh=280"
                        },
                        {
                            "marca": "Häagen-Dazs",
                            "descricao": "Gelado Vanilla Caramel Almond",
                            "preco": "4,69€",
                            "preco_antigo": null,
                            "quantidade": "emb. 240 ml (3 un)",
                            "precoPorQuantidade": "19,54€/lt",
                            "link": "https://www.continente.pt/produto/gelado-vanilla-caramel-almond-haagen-dazs-5818297.html?cgid=congelados-gelados",
                            "imagem": "https://www.continente.pt/dw/image/v2/BDVS_PRD/on/demandware.static/-/Sites-col-master-catalog/default/dwf2cb8153/images/col/581/5818297-hero.jpg?sw=280&sh=280"
                        },
                        {
                            "marca": "Magnum",
                            "descricao": "Gelado Bomboniera",
                            "preco": "2,99€",
                            "preco_antigo": null,
                            "quantidade": "emb. 140 ml (12 un)",
                            "precoPorQuantidade": "21,36€/lt",
                            "link": "https://www.continente.pt/produto/gelado-bomboniera-magnum-4429237.html?cgid=congelados-gelados",
                            "imagem": "https://www.continente.pt/dw/image/v2/BDVS_PRD/on/demandware.static/-/Sites-col-master-catalog/default/dwb34ec396/images/col/442/4429237-frente.jpg?sw=280&sh=280"
                        },
                        {
                            "marca": "Ferrero",
                            "descricao": "Gelado Chocolate e Avelã",
                            "preco": "4,85€",
                            "preco_antigo": null,
                            "quantidade": "emb. 211 gr (4 un)",
                            "precoPorQuantidade": "24,25€/kg",
                            "link": "https://www.continente.pt/produto/gelado-chocolate-e-avela-ferrero-7418321.html?cgid=congelados-gelados",
                            "imagem": "https://www.continente.pt/dw/image/v2/BDVS_PRD/on/demandware.static/-/Sites-col-master-catalog/default/dw095c43cc/images/col/741/7418321-direito.jpg?sw=280&sh=280"
                        },
                        {
                            "marca": "Ferrero",
                            "descricao": "Gelado Chocolate Negro e Avelã",
                            "preco": "4,85€",
                            "preco_antigo": null,
                            "quantidade": "emb. 211 gr (4 un)",
                            "precoPorQuantidade": "24,25€/kg",
                            "link": "https://www.continente.pt/produto/gelado-chocolate-negro-e-avela-ferrero-7418304.html?cgid=congelados-gelados",
                            "imagem": "https://www.continente.pt/dw/image/v2/BDVS_PRD/on/demandware.static/-/Sites-col-master-catalog/default/dw00f799f1/images/col/741/7418304-direito.jpg?sw=280&sh=280"
                        },
                        {
                            "marca": "Ferrero",
                            "descricao": "Gelado Raffaello",
                            "preco": "4,85€",
                            "preco_antigo": null,
                            "quantidade": "emb. 194 gr (4 un)",
                            "precoPorQuantidade": "25,80€/kg",
                            "link": "https://www.continente.pt/produto/gelado-raffaello-ferrero-7418308.html?cgid=congelados-gelados",
                            "imagem": "https://www.continente.pt/dw/image/v2/BDVS_PRD/on/demandware.static/-/Sites-col-master-catalog/default/dw4da63061/images/col/741/7418308-direito.jpg?sw=280&sh=280"
                        },
                        {
                            "marca": "Cornetto",
                            "descricao": "Gelado Tips",
                            "preco": "2,99€",
                            "preco_antigo": null,
                            "quantidade": "emb. 80 gr (5 un)",
                            "precoPorQuantidade": "37,38€/kg",
                            "link": "https://www.continente.pt/produto/gelado-tips-cornetto-7538720.html?cgid=congelados-gelados",
                            "imagem": "https://www.continente.pt/dw/image/v2/BDVS_PRD/on/demandware.static/-/Sites-col-master-catalog/default/dw4a11198d/images/col/753/7538720-hero.jpg?sw=280&sh=280"
                        },
                        {
                            "marca": "Ben & Jerry's",
                            "descricao": "Gelado Cookie Dough Peaces",
                            "preco": "6,79€",
                            "preco_antigo": null,
                            "quantidade": "emb. 160 ml",
                            "precoPorQuantidade": "42,44€/lt",
                            "link": "https://www.continente.pt/produto/gelado-cookie-dough-peaces-ben-jerrys-7539311.html?cgid=congelados-gelados",
                            "imagem": "https://www.continente.pt/dw/image/v2/BDVS_PRD/on/demandware.static/-/Sites-col-master-catalog/default/dwe831fdf6/images/col/753/7539311-hero.jpg?sw=280&sh=280"
                        }
                    ]
                },
                {
                    "name": "Douradinhos e Nuggets",
                    "items": [
                        {
                            "marca": "Capitão Iglo",
                            "descricao": "Douradinhos de Frango",
                            "preco": "19,99€",
                            "preco_antigo": null,
                            "quantidade": "emb. 1,075 gr (38 un)",
                            "precoPorQuantidade": "0,02€/kg",
                            "link": "https://www.continente.pt/produto/douradinhos-de-frango-capitao-iglo-7613828.html?cgid=congelados-douradinhos",
                            "imagem": "https://www.continente.pt/dw/image/v2/BDVS_PRD/on/demandware.static/-/Sites-col-master-catalog/default/dw1f111fe3/images/col/761/7613828-frente.jpg?sw=280&sh=280"
                        },
                        {
                            "marca": "É Continente",
                            "descricao": "Douradinhos de Peixe",
                            "preco": "4,19€",
                            "preco_antigo": null,
                            "quantidade": "emb. 900 gr (30 un)",
                            "precoPorQuantidade": "4,66€/kg",
                            "link": "https://www.continente.pt/produto/douradinhos-de-peixe-e-continente-6329011.html?cgid=congelados-douradinhos",
                            "imagem": "https://www.continente.pt/dw/image/v2/BDVS_PRD/on/demandware.static/-/Sites-col-master-catalog/default/dw24df43f0/images/col/632/6329011-hero.jpg?sw=280&sh=280"
                        },
                        {
                            "marca": "Continente",
                            "descricao": "Nuggets de Peito de Frango Pack Poupança",
                            "preco": "5,29€",
                            "preco_antigo": null,
                            "quantidade": "emb. 1 kg (50 un)",
                            "precoPorQuantidade": "5,29€/kg",
                            "link": "https://www.continente.pt/produto/nuggets-de-peito-de-frango-pack-poupanca-continente-7308156.html?cgid=congelados-douradinhos",
                            "imagem": "https://www.continente.pt/dw/image/v2/BDVS_PRD/on/demandware.static/-/Sites-col-master-catalog/default/dw58a15453/images/col/730/7308156-hero.jpg?sw=280&sh=280"
                        },
                        {
                            "marca": "Continente",
                            "descricao": "Douradinhos de Pescada",
                            "preco": "2,69€",
                            "preco_antigo": null,
                            "quantidade": "emb. 450 gr (15 un)",
                            "precoPorQuantidade": "5,98€/kg",
                            "link": "https://www.continente.pt/produto/douradinhos-de-pescada-continente-7297556.html?cgid=congelados-douradinhos",
                            "imagem": "https://www.continente.pt/dw/image/v2/BDVS_PRD/on/demandware.static/-/Sites-col-master-catalog/default/dwc31bbb6f/images/col/729/7297556-hero.jpg?sw=280&sh=280"
                        },
                        {
                            "marca": "Pescanova",
                            "descricao": "Barrinhas de Pescada",
                            "preco": "7,89€",
                            "preco_antigo": null,
                            "quantidade": "emb. 1,2 kg (38 a 42 un)",
                            "precoPorQuantidade": "6,58€/kg",
                            "link": "https://www.continente.pt/produto/barrinhas-de-pescada-pescanova-5117294.html?cgid=congelados-douradinhos",
                            "imagem": "https://www.continente.pt/dw/image/v2/BDVS_PRD/on/demandware.static/-/Sites-col-master-catalog/default/dw1af5f578/images/col/511/5117294-frente.jpg?sw=280&sh=280"
                        },
                        {
                            "marca": "Pescanova",
                            "descricao": "Tiras de Pota Panadas",
                            "preco": "6,99€",
                            "preco_antigo": null,
                            "quantidade": "emb. 1 kg (35 a 50 un)",
                            "precoPorQuantidade": "6,99€/kg",
                            "link": "https://www.continente.pt/produto/tiras-de-pota-panadas-pescanova-5742334.html?cgid=congelados-douradinhos",
                            "imagem": "https://www.continente.pt/dw/image/v2/BDVS_PRD/on/demandware.static/-/Sites-col-master-catalog/default/dwc3ac9308/images/col/574/5742334-frente.jpg?sw=280&sh=280"
                        },
                        {
                            "marca": "Continente",
                            "descricao": "Pernas do Mar Panadas",
                            "preco": "1,79€",
                            "preco_antigo": null,
                            "quantidade": "emb. 250 gr (8 un)",
                            "precoPorQuantidade": "7,16€/kg",
                            "link": "https://www.continente.pt/produto/pernas-do-mar-panadas-continente-5305520.html?cgid=congelados-douradinhos",
                            "imagem": "https://www.continente.pt/dw/image/v2/BDVS_PRD/on/demandware.static/-/Sites-col-master-catalog/default/dw27d8afa0/images/col/530/5305520-hero.jpg?sw=280&sh=280"
                        },
                        {
                            "marca": "Pescanova",
                            "descricao": "Nuggets de Pescada",
                            "preco": "7,89€",
                            "preco_antigo": null,
                            "quantidade": "emb. 1 kg (35 a 45 un)",
                            "precoPorQuantidade": "7,89€/kg",
                            "link": "https://www.continente.pt/produto/nuggets-de-pescada-pescanova-5548383.html?cgid=congelados-douradinhos",
                            "imagem": "https://www.continente.pt/dw/image/v2/BDVS_PRD/on/demandware.static/-/Sites-col-master-catalog/default/dw8b0df433/images/col/554/5548383-frente.jpg?sw=280&sh=280"
                        },
                        {
                            "marca": "Pescanova",
                            "descricao": "Peskitos de Pescada",
                            "preco": "7,89€",
                            "preco_antigo": null,
                            "quantidade": "emb. 1 kg (25 un)",
                            "precoPorQuantidade": "7,89€/kg",
                            "link": "https://www.continente.pt/produto/peskitos-de-pescada-pescanova-5537323.html?cgid=congelados-douradinhos",
                            "imagem": "https://www.continente.pt/dw/image/v2/BDVS_PRD/on/demandware.static/-/Sites-col-master-catalog/default/dw5b19d43b/images/col/553/5537323-frente.jpg?sw=280&sh=280"
                        },
                        {
                            "marca": "Pescanova",
                            "descricao": "Filetes de Pescada Panados",
                            "preco": "7,89€",
                            "preco_antigo": null,
                            "quantidade": "emb. 1 kg (11 a 13 un)",
                            "precoPorQuantidade": "7,89€/kg",
                            "link": "https://www.continente.pt/produto/filetes-de-pescada-panados-pescanova-5340104.html?cgid=congelados-douradinhos",
                            "imagem": "https://www.continente.pt/dw/image/v2/BDVS_PRD/on/demandware.static/-/Sites-col-master-catalog/default/dwce653cf4/images/col/534/5340104-frente.jpg?sw=280&sh=280"
                        },
                        {
                            "marca": "Capitão Iglo",
                            "descricao": "Douradinhos de Peixe Ómega-3",
                            "preco": "11,99€",
                            "preco_antigo": null,
                            "quantidade": "emb. 1,4 kg (50 un)",
                            "precoPorQuantidade": "8,41€/kg",
                            "link": "https://www.continente.pt/produto/douradinhos-de-peixe-omega-3-capitao-iglo-7227707.html?cgid=congelados-douradinhos",
                            "imagem": "https://www.continente.pt/dw/image/v2/BDVS_PRD/on/demandware.static/-/Sites-col-master-catalog/default/dw6572e8d1/images/col/722/7227707-frente.jpg?sw=280&sh=280"
                        },
                        {
                            "marca": "Iglo",
                            "descricao": "Filetes de Polme Crocantes",
                            "preco": "6,99€",
                            "preco_antigo": null,
                            "quantidade": "emb. 800 gr (8 un)",
                            "precoPorQuantidade": "8,74€/kg",
                            "link": "https://www.continente.pt/produto/filetes-de-polme-crocantes-iglo-7442168.html?cgid=congelados-douradinhos",
                            "imagem": "https://www.continente.pt/dw/image/v2/BDVS_PRD/on/demandware.static/-/Sites-col-master-catalog/default/dw5aab9b5f/images/col/744/7442168-direito.jpg?sw=280&sh=280"
                        },
                        {
                            "marca": "Capitão Iglo",
                            "descricao": "Douradinhos de Peixe",
                            "preco": "7,49€",
                            "preco_antigo": null,
                            "quantidade": "emb. 840 gr (30 un)",
                            "precoPorQuantidade": "8,92€/kg",
                            "link": "https://www.continente.pt/produto/douradinhos-de-peixe-capitao-iglo-5729030.html?cgid=congelados-douradinhos",
                            "imagem": "https://www.continente.pt/dw/image/v2/BDVS_PRD/on/demandware.static/-/Sites-col-master-catalog/default/dw7e3d2cc1/images/col/572/5729030-direito.jpg?sw=280&sh=280"
                        },
                        {
                            "marca": "Pescanova",
                            "descricao": "Caprichos do Mar sem Glúten",
                            "preco": "3,59€",
                            "preco_antigo": null,
                            "quantidade": "emb. 400 gr",
                            "precoPorQuantidade": "8,98€/kg",
                            "link": "https://www.continente.pt/produto/caprichos-do-mar-sem-gluten-pescanova-2211941.html?cgid=congelados-douradinhos",
                            "imagem": "https://www.continente.pt/dw/image/v2/BDVS_PRD/on/demandware.static/-/Sites-col-master-catalog/default/dwc9b22e2c/images/col/221/2211941-frente.jpg?sw=280&sh=280"
                        },
                        {
                            "marca": "Capitão Iglo",
                            "descricao": "Douradinhos de Peixe Forníssimo",
                            "preco": "2,79€",
                            "preco_antigo": null,
                            "quantidade": "emb. 300 gr (12 un)",
                            "precoPorQuantidade": "9,30€/kg",
                            "link": "https://www.continente.pt/produto/douradinhos-de-peixe-fornissimo-capitao-iglo-5446605.html?cgid=congelados-douradinhos",
                            "imagem": "https://www.continente.pt/dw/image/v2/BDVS_PRD/on/demandware.static/-/Sites-col-master-catalog/default/dwfea1f1b9/images/col/544/5446605-direito.jpg?sw=280&sh=280"
                        },
                        {
                            "marca": "Continente",
                            "descricao": "Filetes de Peixe Panados com Limão",
                            "preco": "2,99€",
                            "preco_antigo": null,
                            "quantidade": "emb. 320 gr (2 un)",
                            "precoPorQuantidade": "9,34€/kg",
                            "link": "https://www.continente.pt/produto/filetes-de-peixe-panados-com-limao-continente-7442377.html?cgid=congelados-douradinhos",
                            "imagem": "https://www.continente.pt/dw/image/v2/BDVS_PRD/on/demandware.static/-/Sites-col-master-catalog/default/dwb9c4e151/images/col/744/7442377-frente.jpg?sw=280&sh=280"
                        },
                        {
                            "marca": "Capitão Iglo",
                            "descricao": "Douradinhos de Peixe",
                            "preco": "3,98€",
                            "preco_antigo": null,
                            "quantidade": "emb. 450 gr (15 un)",
                            "precoPorQuantidade": "9,48€/kg",
                            "link": "https://www.continente.pt/produto/douradinhos-de-peixe-capitao-iglo-5730946.html?cgid=congelados-douradinhos",
                            "imagem": "https://www.continente.pt/dw/image/v2/BDVS_PRD/on/demandware.static/-/Sites-col-master-catalog/default/dwdd74c0bc/images/col/573/5730946-direito.jpg?sw=280&sh=280"
                        },
                        {
                            "marca": "Pescanova",
                            "descricao": "Barrinhas de Pescada Ómega 3",
                            "preco": "9,49€",
                            "preco_antigo": null,
                            "quantidade": "emb. 900 gr (30 un)",
                            "precoPorQuantidade": "10,54€/kg",
                            "link": "https://www.continente.pt/produto/barrinhas-de-pescada-omega-3-pescanova-4725996.html?cgid=congelados-douradinhos",
                            "imagem": "https://www.continente.pt/dw/image/v2/BDVS_PRD/on/demandware.static/-/Sites-col-master-catalog/default/dw5db312d4/images/col/472/4725996-direito.jpg?sw=280&sh=280"
                        },
                        {
                            "marca": "Pescanova",
                            "descricao": "Filetes de Pescada com Limão",
                            "preco": "4,39€",
                            "preco_antigo": null,
                            "quantidade": "emb. 400 gr (4 un)",
                            "precoPorQuantidade": "10,98€/kg",
                            "link": "https://www.continente.pt/produto/filetes-de-pescada-com-limao-pescanova-2497766.html?cgid=congelados-douradinhos",
                            "imagem": "https://www.continente.pt/dw/image/v2/BDVS_PRD/on/demandware.static/-/Sites-col-master-catalog/default/dwe88b7e90/images/col/249/2497766-direito.jpg?sw=280&sh=280"
                        },
                        {
                            "marca": "Pescanova",
                            "descricao": "Filetes de Pescada com Ervas Aromáticas",
                            "preco": "4,39€",
                            "preco_antigo": null,
                            "quantidade": "emb. 400 gr (4 un)",
                            "precoPorQuantidade": "10,98€/kg",
                            "link": "https://www.continente.pt/produto/filetes-de-pescada-com-ervas-aromaticas-pescanova-6471111.html?cgid=congelados-douradinhos",
                            "imagem": "https://www.continente.pt/dw/image/v2/BDVS_PRD/on/demandware.static/-/Sites-col-master-catalog/default/dw7f914af7/images/col/647/6471111-direito.jpg?sw=280&sh=280"
                        },
                        {
                            "marca": "Iglo",
                            "descricao": "Douradinhos de Peixe sem Glúten",
                            "preco": "3,98€",
                            "preco_antigo": null,
                            "quantidade": "emb. 360 gr (12 un)",
                            "precoPorQuantidade": "11,06€/kg",
                            "link": "https://www.continente.pt/produto/douradinhos-de-peixe-sem-gluten-iglo-7475461.html?cgid=congelados-douradinhos",
                            "imagem": "https://www.continente.pt/dw/image/v2/BDVS_PRD/on/demandware.static/-/Sites-col-master-catalog/default/dw4daefd3d/images/col/747/7475461-direito.jpg?sw=280&sh=280"
                        },
                        {
                            "marca": "Continente",
                            "descricao": "Douradinhos de Salmão",
                            "preco": "2,99€",
                            "preco_antigo": null,
                            "quantidade": "emb. 270 gr (9 un)",
                            "precoPorQuantidade": "11,07€/kg",
                            "link": "https://www.continente.pt/produto/douradinhos-de-salmao-continente-7480735.html?cgid=congelados-douradinhos",
                            "imagem": "https://www.continente.pt/dw/image/v2/BDVS_PRD/on/demandware.static/-/Sites-col-master-catalog/default/dwf52887d8/images/col/748/7480735-frente.jpg?sw=280&sh=280"
                        },
                        {
                            "marca": "Pescanova",
                            "descricao": "Barrinhas de Pescada Ómega 3",
                            "preco": "4,99€",
                            "preco_antigo": null,
                            "quantidade": "emb. 450 gr (15 un)",
                            "precoPorQuantidade": "11,09€/kg",
                            "link": "https://www.continente.pt/produto/barrinhas-de-pescada-omega-3-pescanova-4725995.html?cgid=congelados-douradinhos",
                            "imagem": "https://www.continente.pt/dw/image/v2/BDVS_PRD/on/demandware.static/-/Sites-col-master-catalog/default/dw32d819ba/images/col/472/4725995-direito.jpg?sw=280&sh=280"
                        },
                        {
                            "marca": "Capitão Iglo",
                            "descricao": "Nuggets de Frango e Queijo",
                            "preco": "11,99€",
                            "preco_antigo": null,
                            "quantidade": "1,080 gr (50 un)",
                            "precoPorQuantidade": "11,10€/kg",
                            "link": "https://www.continente.pt/produto/nuggets-de-frango-e-queijo-capitao-iglo-7613827.html?cgid=congelados-douradinhos",
                            "imagem": "https://www.continente.pt/dw/image/v2/BDVS_PRD/on/demandware.static/-/Sites-col-master-catalog/default/dwce9d2eee/images/col/761/7613827-frente.jpg?sw=280&sh=280"
                        },
                        {
                            "marca": "Capitão Iglo",
                            "descricao": "Douradinhos de Frango",
                            "preco": "2,79€",
                            "preco_antigo": null,
                            "quantidade": "emb. 250 gr (10 un)",
                            "precoPorQuantidade": "11,16€/kg",
                            "link": "https://www.continente.pt/produto/douradinhos-de-frango-capitao-iglo-4882809.html?cgid=congelados-douradinhos",
                            "imagem": "https://www.continente.pt/dw/image/v2/BDVS_PRD/on/demandware.static/-/Sites-col-master-catalog/default/dwe980fd09/images/col/488/4882809-direito.jpg?sw=280&sh=280"
                        },
                        {
                            "marca": "Iglo Take Away",
                            "descricao": "Chicken Wings Southern Fried",
                            "preco": "4,49€",
                            "preco_antigo": null,
                            "quantidade": "emb. 400 gr",
                            "precoPorQuantidade": "11,23€/kg",
                            "link": "https://www.continente.pt/produto/chicken-wings-southern-fried-iglo-take-away-7502169.html?cgid=congelados-douradinhos",
                            "imagem": "https://www.continente.pt/dw/image/v2/BDVS_PRD/on/demandware.static/-/Sites-col-master-catalog/default/dw59e753c7/images/col/750/7502169-direito.jpg?sw=280&sh=280"
                        },
                        {
                            "marca": "Iglo Take Away",
                            "descricao": "Chicken Nuggets Barbecue",
                            "preco": "3,98€",
                            "preco_antigo": null,
                            "quantidade": "emb. 350 gr",
                            "precoPorQuantidade": "11,37€/kg",
                            "link": "https://www.continente.pt/produto/chicken-nuggets-barbecue-iglo-take-away-7502174.html?cgid=congelados-douradinhos",
                            "imagem": "https://www.continente.pt/dw/image/v2/BDVS_PRD/on/demandware.static/-/Sites-col-master-catalog/default/dw734e69e8/images/col/750/7502174-direito.jpg?sw=280&sh=280"
                        },
                        {
                            "marca": "Capitão Iglo",
                            "descricao": "Nuggets de Frango",
                            "preco": "11,99€",
                            "preco_antigo": null,
                            "quantidade": "emb. 1,042 kg (50 un)",
                            "precoPorQuantidade": "11,51€/kg",
                            "link": "https://www.continente.pt/produto/nuggets-de-frango-capitao-iglo-5784385.html?cgid=congelados-douradinhos",
                            "imagem": "https://www.continente.pt/dw/image/v2/BDVS_PRD/on/demandware.static/-/Sites-col-master-catalog/default/dwc6e8e426/images/col/578/5784385-frente.jpg?sw=280&sh=280"
                        },
                        {
                            "marca": "Capitão Iglo",
                            "descricao": "Douradinhos de Peixe Estaladiços",
                            "preco": "3,98€",
                            "preco_antigo": null,
                            "quantidade": "emb. 336 gr (12 un)",
                            "precoPorQuantidade": "11,85€/kg",
                            "link": "https://www.continente.pt/produto/douradinhos-de-peixe-estaladicos-capitao-iglo-6452022.html?cgid=congelados-douradinhos",
                            "imagem": "https://www.continente.pt/dw/image/v2/BDVS_PRD/on/demandware.static/-/Sites-col-master-catalog/default/dw9a378bf4/images/col/645/6452022-direito.jpg?sw=280&sh=280"
                        },
                        {
                            "marca": "Capitão Iglo",
                            "descricao": "Nuggets de Frango Polme Americano",
                            "preco": "2,99€",
                            "preco_antigo": null,
                            "quantidade": "emb. 220 gr (12 un)",
                            "precoPorQuantidade": "12,20€/kg",
                            "link": "https://www.continente.pt/produto/nuggets-de-frango-polme-americano-capitao-iglo-7227710.html?cgid=congelados-douradinhos",
                            "imagem": "https://www.continente.pt/dw/image/v2/BDVS_PRD/on/demandware.static/-/Sites-col-master-catalog/default/dw025fcd86/images/col/722/7227710-direito.jpg?sw=280&sh=280"
                        },
                        {
                            "marca": "Iglo Take Away",
                            "descricao": "Hambúrguer de Frango",
                            "preco": "2,79€",
                            "preco_antigo": null,
                            "quantidade": "emb. 227 gr (2 un)",
                            "precoPorQuantidade": "12,29€/kg",
                            "link": "https://www.continente.pt/produto/hamburguer-de-frango-iglo-take-away-5263019.html?cgid=congelados-douradinhos",
                            "imagem": "https://www.continente.pt/dw/image/v2/BDVS_PRD/on/demandware.static/-/Sites-col-master-catalog/default/dw38974c80/images/col/526/5263019-direito.jpg?sw=280&sh=280"
                        },
                        {
                            "marca": "Iglo Take Away",
                            "descricao": "Chicken Fingers Original",
                            "preco": "3,98€",
                            "preco_antigo": null,
                            "quantidade": "emb. 320 gr",
                            "precoPorQuantidade": "12,44€/kg",
                            "link": "https://www.continente.pt/produto/chicken-fingers-original-iglo-take-away-7502172.html?cgid=congelados-douradinhos",
                            "imagem": "https://www.continente.pt/dw/image/v2/BDVS_PRD/on/demandware.static/-/Sites-col-master-catalog/default/dw386965ec/images/col/750/7502172-direito.jpg?sw=280&sh=280"
                        },
                        {
                            "marca": "Iglo",
                            "descricao": "Crocantes de Frango Original",
                            "preco": "2,39€",
                            "preco_antigo": null,
                            "quantidade": "emb. 180 gr (2 un)",
                            "precoPorQuantidade": "13,28€/kg",
                            "link": "https://www.continente.pt/produto/crocantes-de-frango-original-iglo-5779701.html?cgid=congelados-douradinhos",
                            "imagem": "https://www.continente.pt/dw/image/v2/BDVS_PRD/on/demandware.static/-/Sites-col-master-catalog/default/dw36bd9371/images/col/577/5779701-direito.jpg?sw=280&sh=280"
                        },
                        {
                            "marca": "Iglo",
                            "descricao": "Crocantes de Frango Parmesão e Ervas",
                            "preco": "2,39€",
                            "preco_antigo": null,
                            "quantidade": "emb. 180 gr (2 un)",
                            "precoPorQuantidade": "13,28€/kg",
                            "link": "https://www.continente.pt/produto/crocantes-de-frango-parmesao-e-ervas-iglo-5779700.html?cgid=congelados-douradinhos",
                            "imagem": "https://www.continente.pt/dw/image/v2/BDVS_PRD/on/demandware.static/-/Sites-col-master-catalog/default/dwbca393f0/images/col/577/5779700-direito.jpg?sw=280&sh=280"
                        },
                        {
                            "marca": "Iglo",
                            "descricao": "Crocantes de Frango Piri Piri",
                            "preco": "2,39€",
                            "preco_antigo": null,
                            "quantidade": "emb. 180 gr (2 un)",
                            "precoPorQuantidade": "13,28€/kg",
                            "link": "https://www.continente.pt/produto/crocantes-de-frango-piri-piri-iglo-6601782.html?cgid=congelados-douradinhos",
                            "imagem": "https://www.continente.pt/dw/image/v2/BDVS_PRD/on/demandware.static/-/Sites-col-master-catalog/default/dwafde9df2/images/col/660/6601782-direito.jpg?sw=280&sh=280"
                        },
                        {
                            "marca": "Iglo",
                            "descricao": "Filetes Recheados Tomate & Mozzarella",
                            "preco": "3,99€",
                            "preco_antigo": null,
                            "quantidade": "emb. 300 gr (3 un)",
                            "precoPorQuantidade": "13,30€/kg",
                            "link": "https://www.continente.pt/produto/filetes-recheados-tomate-mozzarella-iglo-7409959.html?cgid=congelados-douradinhos",
                            "imagem": "https://www.continente.pt/dw/image/v2/BDVS_PRD/on/demandware.static/-/Sites-col-master-catalog/default/dwaeabcc6d/images/col/740/7409959-direito.jpg?sw=280&sh=280"
                        },
                        {
                            "marca": "Iglo",
                            "descricao": "Filetes Recheados Espinafres",
                            "preco": "3,99€",
                            "preco_antigo": null,
                            "quantidade": "emb. 300 gr (3 un)",
                            "precoPorQuantidade": "13,30€/kg",
                            "link": "https://www.continente.pt/produto/filetes-recheados-espinafres-iglo-7409960.html?cgid=congelados-douradinhos",
                            "imagem": "https://www.continente.pt/dw/image/v2/BDVS_PRD/on/demandware.static/-/Sites-col-master-catalog/default/dw00c0bff5/images/col/740/7409960-direito.jpg?sw=280&sh=280"
                        },
                        {
                            "marca": "Pescanova",
                            "descricao": "Filetes de Pescada sem Glúten",
                            "preco": "4,39€",
                            "preco_antigo": null,
                            "quantidade": "emb. 320 gr (4 un)",
                            "precoPorQuantidade": "13,72€/kg",
                            "link": "https://www.continente.pt/produto/filetes-de-pescada-sem-gluten-pescanova-6089483.html?cgid=congelados-douradinhos",
                            "imagem": "https://www.continente.pt/dw/image/v2/BDVS_PRD/on/demandware.static/-/Sites-col-master-catalog/default/dwd469fb16/images/col/608/6089483-direito.jpg?sw=280&sh=280"
                        },
                        {
                            "marca": "Iglo",
                            "descricao": "Grelhados de Frango Barbecue",
                            "preco": "2,39€",
                            "preco_antigo": null,
                            "quantidade": "emb. 174 gr (2 un)",
                            "precoPorQuantidade": "13,74€/kg",
                            "link": "https://www.continente.pt/produto/grelhados-de-frango-barbecue-iglo-6181414.html?cgid=congelados-douradinhos",
                            "imagem": "https://www.continente.pt/dw/image/v2/BDVS_PRD/on/demandware.static/-/Sites-col-master-catalog/default/dwf2a6ee3c/images/col/618/6181414-direito.jpg?sw=280&sh=280"
                        },
                        {
                            "marca": "Iglo",
                            "descricao": "Filetes Primavera Original Sem Glúten",
                            "preco": "3,49€",
                            "preco_antigo": null,
                            "quantidade": "emb. 250 gr (2 un)",
                            "precoPorQuantidade": "13,96€/kg",
                            "link": "https://www.continente.pt/produto/filetes-primavera-original-sem-gluten-iglo-6601781.html?cgid=congelados-douradinhos",
                            "imagem": "https://www.continente.pt/dw/image/v2/BDVS_PRD/on/demandware.static/-/Sites-col-master-catalog/default/dwe8af3820/images/col/660/6601781-direito.jpg?sw=280&sh=280"
                        },
                        {
                            "marca": "Iglo",
                            "descricao": "Filetes Primavera Quinoa e 4 Sementes",
                            "preco": "3,49€",
                            "preco_antigo": null,
                            "quantidade": "emb. 250 gr (2 un)",
                            "precoPorQuantidade": "13,96€/kg",
                            "link": "https://www.continente.pt/produto/filetes-primavera-quinoa-e-4-sementes-iglo-6911781.html?cgid=congelados-douradinhos",
                            "imagem": "https://www.continente.pt/dw/image/v2/BDVS_PRD/on/demandware.static/-/Sites-col-master-catalog/default/dw81eeacf5/images/col/691/6911781-direito.jpg?sw=280&sh=280"
                        },
                        {
                            "marca": "Capitão Iglo",
                            "descricao": "Douradinhos de Salmão",
                            "preco": "3,98€",
                            "preco_antigo": null,
                            "quantidade": "emb. 280 gr (10 un)",
                            "precoPorQuantidade": "14,21€/kg",
                            "link": "https://www.continente.pt/produto/douradinhos-de-salmao-capitao-iglo-4310316.html?cgid=congelados-douradinhos",
                            "imagem": "https://www.continente.pt/dw/image/v2/BDVS_PRD/on/demandware.static/-/Sites-col-master-catalog/default/dw734da542/images/col/431/4310316-direito.jpg?sw=280&sh=280"
                        },
                        {
                            "marca": "Iglo Green Cuisine",
                            "descricao": "Douradinhos Vegan",
                            "preco": "4,79€",
                            "preco_antigo": null,
                            "quantidade": "emb. 336 gr (12 un)",
                            "precoPorQuantidade": "14,26€/kg",
                            "link": "https://www.continente.pt/produto/douradinhos-vegan-iglo-green-cuisine-7529442.html?cgid=congelados-douradinhos",
                            "imagem": "https://www.continente.pt/dw/image/v2/BDVS_PRD/on/demandware.static/-/Sites-col-master-catalog/default/dwf83461eb/images/col/752/7529442-frente.jpg?sw=280&sh=280"
                        },
                        {
                            "marca": "Capitão Iglo",
                            "descricao": "Nuggets de Frango e Queijo",
                            "preco": "2,99€",
                            "preco_antigo": null,
                            "quantidade": "emb. 208 gr (10 un)",
                            "precoPorQuantidade": "14,38€/kg",
                            "link": "https://www.continente.pt/produto/nuggets-de-frango-e-queijo-capitao-iglo-6047558.html?cgid=congelados-douradinhos",
                            "imagem": "https://www.continente.pt/dw/image/v2/BDVS_PRD/on/demandware.static/-/Sites-col-master-catalog/default/dweb2ae81f/images/col/604/6047558-direito.jpg?sw=280&sh=280"
                        },
                        {
                            "marca": "Capitão Iglo",
                            "descricao": "Nuggets de Frango com Cereais Integrais",
                            "preco": "2,99€",
                            "preco_antigo": null,
                            "quantidade": "emb. 208 gr (10 un)",
                            "precoPorQuantidade": "14,38€/kg",
                            "link": "https://www.continente.pt/produto/nuggets-de-frango-com-cereais-integrais-capitao-iglo-6068943.html?cgid=congelados-douradinhos",
                            "imagem": "https://www.continente.pt/dw/image/v2/BDVS_PRD/on/demandware.static/-/Sites-col-master-catalog/default/dwe7ec961a/images/col/606/6068943-direito.jpg?sw=280&sh=280"
                        },
                        {
                            "marca": "Capitão Iglo",
                            "descricao": "Nuggets de Frango Grelhadinhos",
                            "preco": "2,99€",
                            "preco_antigo": null,
                            "quantidade": "emb. 204 gr (8 un)",
                            "precoPorQuantidade": "14,66€/kg",
                            "link": "https://www.continente.pt/produto/nuggets-de-frango-grelhadinhos-capitao-iglo-4925364.html?cgid=congelados-douradinhos",
                            "imagem": "https://www.continente.pt/dw/image/v2/BDVS_PRD/on/demandware.static/-/Sites-col-master-catalog/default/dw97e192f7/images/col/492/4925364-direito.jpg?sw=280&sh=280"
                        },
                        {
                            "marca": "Iglo",
                            "descricao": "Filetes Primavera Alecrim e Sal Marinho",
                            "preco": "3,49€",
                            "preco_antigo": null,
                            "quantidade": "emb. 225 gr (2 un)",
                            "precoPorQuantidade": "15,51€/kg",
                            "link": "https://www.continente.pt/produto/filetes-primavera-alecrim-e-sal-marinho-iglo-5467669.html?cgid=congelados-douradinhos",
                            "imagem": "https://www.continente.pt/dw/image/v2/BDVS_PRD/on/demandware.static/-/Sites-col-master-catalog/default/dwba4b8e33/images/col/546/5467669-direito.jpg?sw=280&sh=280"
                        },
                        {
                            "marca": "Iglo",
                            "descricao": "Filetes Primavera Limão",
                            "preco": "3,49€",
                            "preco_antigo": null,
                            "quantidade": "emb. 225 gr (2 un)",
                            "precoPorQuantidade": "15,51€/kg",
                            "link": "https://www.continente.pt/produto/filetes-primavera-limao-iglo-6042738.html?cgid=congelados-douradinhos",
                            "imagem": "https://www.continente.pt/dw/image/v2/BDVS_PRD/on/demandware.static/-/Sites-col-master-catalog/default/dw0ec739b6/images/col/604/6042738-direito.jpg?sw=280&sh=280"
                        },
                        {
                            "marca": "Iglo",
                            "descricao": "Filetes Primavera Alho e Ervas",
                            "preco": "3,49€",
                            "preco_antigo": null,
                            "quantidade": "emb. 225 gr (2 un)",
                            "precoPorQuantidade": "15,51€/kg",
                            "link": "https://www.continente.pt/produto/filetes-primavera-alho-e-ervas-iglo-5467663.html?cgid=congelados-douradinhos",
                            "imagem": "https://www.continente.pt/dw/image/v2/BDVS_PRD/on/demandware.static/-/Sites-col-master-catalog/default/dwbb0a5dfc/images/col/546/5467663-direito.jpg?sw=280&sh=280"
                        },
                        {
                            "marca": "Iglo",
                            "descricao": "Gratinado De Peixe Limão e Ervas Sem Glúten",
                            "preco": "5,99€",
                            "preco_antigo": null,
                            "quantidade": "emb. 380 gr (2 un)",
                            "precoPorQuantidade": "15,76€/kg",
                            "link": "https://www.continente.pt/produto/gratinado-de-peixe-limao-e-ervas-sem-gluten-iglo-6916887.html?cgid=congelados-douradinhos",
                            "imagem": "https://www.continente.pt/dw/image/v2/BDVS_PRD/on/demandware.static/-/Sites-col-master-catalog/default/dw1dfa0249/images/col/691/6916887-direito.jpg?sw=280&sh=280"
                        },
                        {
                            "marca": "Pescanova",
                            "descricao": "Barrinhas de Pescada com Limão sem Glúten",
                            "preco": "4,99€",
                            "preco_antigo": null,
                            "quantidade": "emb. 300 gr (10 un)",
                            "precoPorQuantidade": "16,63€/kg",
                            "link": "https://www.continente.pt/produto/barrinhas-de-pescada-com-limao-sem-gluten-pescanova-7243366.html?cgid=congelados-douradinhos",
                            "imagem": "https://www.continente.pt/dw/image/v2/BDVS_PRD/on/demandware.static/-/Sites-col-master-catalog/default/dwbd372a8f/images/col/724/7243366-direito.jpg?sw=280&sh=280"
                        },
                        {
                            "marca": "Pescanova",
                            "descricao": "Barrinhas de Pescada sem Glúten",
                            "preco": "4,99€",
                            "preco_antigo": null,
                            "quantidade": "emb. 300 gr (10 un)",
                            "precoPorQuantidade": "16,63€/kg",
                            "link": "https://www.continente.pt/produto/barrinhas-de-pescada-sem-gluten-pescanova-7404775.html?cgid=congelados-douradinhos",
                            "imagem": "https://www.continente.pt/dw/image/v2/BDVS_PRD/on/demandware.static/-/Sites-col-master-catalog/default/dwcc1c77ce/images/col/740/7404775-direito.jpg?sw=280&sh=280"
                        },
                        {
                            "marca": "Pescanova",
                            "descricao": "Barrinhas de Salmão sem Glúten",
                            "preco": "4,99€",
                            "preco_antigo": null,
                            "quantidade": "emb. 300 gr (10 un)",
                            "precoPorQuantidade": "16,63€/kg",
                            "link": "https://www.continente.pt/produto/barrinhas-de-salmao-sem-gluten-pescanova-5893654.html?cgid=congelados-douradinhos",
                            "imagem": "https://www.continente.pt/dw/image/v2/BDVS_PRD/on/demandware.static/-/Sites-col-master-catalog/default/dw9ce5b927/images/col/589/5893654-direito.jpg?sw=280&sh=280"
                        },
                        {
                            "marca": "Nestlé Garden Gourmet",
                            "descricao": "Nuggets Vegan de Proteína Vegetal",
                            "preco": "4,99€",
                            "preco_antigo": null,
                            "quantidade": "emb. 300 gr",
                            "precoPorQuantidade": "16,63€/kg",
                            "link": "https://www.continente.pt/produto/nuggets-vegan-de-proteina-vegetal-nestle-garden-gourmet-7619444.html?cgid=congelados-douradinhos",
                            "imagem": "https://www.continente.pt/dw/image/v2/BDVS_PRD/on/demandware.static/-/Sites-col-master-catalog/default/dwd185e870/images/col/761/7619444-frente.jpg?sw=280&sh=280"
                        },
                        {
                            "marca": "Iglo",
                            "descricao": "Crocantes de Frango Recheados Queijo e Fiambre",
                            "preco": "3,49€",
                            "preco_antigo": null,
                            "quantidade": "emb. 204 gr (2 un)",
                            "precoPorQuantidade": "17,11€/kg",
                            "link": "https://www.continente.pt/produto/crocantes-de-frango-recheados-queijo-e-fiambre-iglo-6649187.html?cgid=congelados-douradinhos",
                            "imagem": "https://www.continente.pt/dw/image/v2/BDVS_PRD/on/demandware.static/-/Sites-col-master-catalog/default/dw358d4e70/images/col/664/6649187-direito.jpg?sw=280&sh=280"
                        },
                        {
                            "marca": "Iglo",
                            "descricao": "Crocantes de Frango Recheados Alho e Ervas",
                            "preco": "3,49€",
                            "preco_antigo": null,
                            "quantidade": "emb. 204 gr (2 un)",
                            "precoPorQuantidade": "17,11€/kg",
                            "link": "https://www.continente.pt/produto/crocantes-de-frango-recheados-alho-e-ervas-iglo-6649190.html?cgid=congelados-douradinhos",
                            "imagem": "https://www.continente.pt/dw/image/v2/BDVS_PRD/on/demandware.static/-/Sites-col-master-catalog/default/dwb5c0ce2f/images/col/664/6649190-direito.jpg?sw=280&sh=280"
                        },
                        {
                            "marca": "The Vegetarian Butcher",
                            "descricao": "Nuggets Crocantes Vegan",
                            "preco": "3,10€",
                            "preco_antigo": null,
                            "quantidade": "emb. 180 gr",
                            "precoPorQuantidade": "17,22€/kg",
                            "link": "https://www.continente.pt/produto/nuggets-crocantes-vegan-the-vegetarian-butcher-7526164.html?cgid=congelados-douradinhos",
                            "imagem": "https://www.continente.pt/dw/image/v2/BDVS_PRD/on/demandware.static/-/Sites-col-master-catalog/default/dw141dee3c/images/col/752/7526164-hero.jpg?sw=280&sh=280"
                        },
                        {
                            "marca": "Iglo",
                            "descricao": "Crocante de Frango Cordon Bleu",
                            "preco": "3,49€",
                            "preco_antigo": null,
                            "quantidade": "emb. 200 gr (2 un)",
                            "precoPorQuantidade": "17,45€/kg",
                            "link": "https://www.continente.pt/produto/crocante-de-frango-cordon-bleu-iglo-5779732.html?cgid=congelados-douradinhos",
                            "imagem": "https://www.continente.pt/dw/image/v2/BDVS_PRD/on/demandware.static/-/Sites-col-master-catalog/default/dwb1398d42/images/col/577/5779732-direito.jpg?sw=280&sh=280"
                        },
                        {
                            "marca": "Capitão Iglo",
                            "descricao": "Nuggets de Frango",
                            "preco": "8,99€",
                            "preco_antigo": null,
                            "quantidade": "emb. 375 gr (18 un)",
                            "precoPorQuantidade": "23,97€/kg",
                            "link": "https://www.continente.pt/produto/nuggets-de-frango-capitao-iglo-6089206.html?cgid=congelados-douradinhos",
                            "imagem": "https://www.continente.pt/dw/image/v2/BDVS_PRD/on/demandware.static/-/Sites-col-master-catalog/default/dwcaae6a4c/images/col/608/6089206-direito.jpg?sw=280&sh=280"
                        },
                        {
                            "marca": "Capitão Iglo",
                            "descricao": "Nuggets de Frango e Queijo",
                            "preco": "8,99€",
                            "preco_antigo": null,
                            "quantidade": "emb. 375 gr (18 un)",
                            "precoPorQuantidade": "23,97€/kg",
                            "link": "https://www.continente.pt/produto/nuggets-de-frango-e-queijo-capitao-iglo-6089219.html?cgid=congelados-douradinhos",
                            "imagem": "https://www.continente.pt/dw/image/v2/BDVS_PRD/on/demandware.static/-/Sites-col-master-catalog/default/dw472e58e1/images/col/608/6089219-direito.jpg?sw=280&sh=280"
                        }
                    ]
                },
                {
                    "name": "Hambúrgueres e Refeições",
                    "items": [
                        {
                            "name": "Hambúrgueres",
                            "items": [
                                {
                                    "marca": "É Continente",
                                    "descricao": "Hambúrguer de Porco",
                                    "preco": "3,99€",
                                    "preco_antigo": null,
                                    "quantidade": "emb. 600 gr (10 un)",
                                    "precoPorQuantidade": "6,65€/kg",
                                    "link": "https://www.continente.pt/produto/hamburguer-de-porco-e-continente-5098455.html?cgid=congelados-refeicoes-massa-hamburgueres",
                                    "imagem": "https://www.continente.pt/dw/image/v2/BDVS_PRD/on/demandware.static/-/Sites-col-master-catalog/default/dw3372ecdc/images/col/509/5098455-hero.jpg?sw=280&sh=280"
                                },
                                {
                                    "marca": "Continente",
                                    "descricao": "Hambúrguer de Bovino",
                                    "preco": "6,99€",
                                    "preco_antigo": null,
                                    "quantidade": "emb. 1 kg (10 un)",
                                    "precoPorQuantidade": "6,99€/kg",
                                    "link": "https://www.continente.pt/produto/hamburguer-de-bovino-continente-3658082.html?cgid=congelados-refeicoes-massa-hamburgueres",
                                    "imagem": "https://www.continente.pt/dw/image/v2/BDVS_PRD/on/demandware.static/-/Sites-col-master-catalog/default/dwc8e21ca1/images/col/365/3658082-hero.jpg?sw=280&sh=280"
                                },
                                {
                                    "marca": "Continente",
                                    "descricao": "Hambúrguer de Frango",
                                    "preco": "2,99€",
                                    "preco_antigo": null,
                                    "quantidade": "emb. 420 gr (6 un)",
                                    "precoPorQuantidade": "7,12€/kg",
                                    "link": "https://www.continente.pt/produto/hamburguer-de-frango-continente-7222253.html?cgid=congelados-refeicoes-massa-hamburgueres",
                                    "imagem": "https://www.continente.pt/dw/image/v2/BDVS_PRD/on/demandware.static/-/Sites-col-master-catalog/default/dw447fa3a9/images/col/722/7222253-hero.jpg?sw=280&sh=280"
                                },
                                {
                                    "marca": "Continente",
                                    "descricao": "Hambúrguer de Peru",
                                    "preco": "3,49€",
                                    "preco_antigo": null,
                                    "quantidade": "emb. 420 gr (6 un)",
                                    "precoPorQuantidade": "8,31€/kg",
                                    "link": "https://www.continente.pt/produto/hamburguer-de-peru-continente-7222255.html?cgid=congelados-refeicoes-massa-hamburgueres",
                                    "imagem": "https://www.continente.pt/dw/image/v2/BDVS_PRD/on/demandware.static/-/Sites-col-master-catalog/default/dw9b349884/images/col/722/7222255-frente.jpg?sw=280&sh=280"
                                },
                                {
                                    "marca": "Capitão Iglo",
                                    "descricao": "Hambúrgueres",
                                    "preco": "11,99€",
                                    "preco_antigo": null,
                                    "quantidade": "emb. 1,440 kg (18 un)",
                                    "precoPorQuantidade": "8,33€/kg",
                                    "link": "https://www.continente.pt/produto/hamburgueres-capitao-iglo-7143239.html?cgid=congelados-refeicoes-massa-hamburgueres",
                                    "imagem": "https://www.continente.pt/dw/image/v2/BDVS_PRD/on/demandware.static/-/Sites-col-master-catalog/default/dw7d011a41/images/col/714/7143239-direito.jpg?sw=280&sh=280"
                                },
                                {
                                    "marca": "Continente",
                                    "descricao": "Hambúrguer de Bovino Alto",
                                    "preco": "8,99€",
                                    "preco_antigo": null,
                                    "quantidade": "emb. 1 kg (8 un)",
                                    "precoPorQuantidade": "8,99€/kg",
                                    "link": "https://www.continente.pt/produto/hamburguer-de-bovino-alto-continente-5606345.html?cgid=congelados-refeicoes-massa-hamburgueres",
                                    "imagem": "https://www.continente.pt/dw/image/v2/BDVS_PRD/on/demandware.static/-/Sites-col-master-catalog/default/dwcd0cffff/images/col/560/5606345-hero.jpg?sw=280&sh=280"
                                },
                                {
                                    "marca": "Prime Meat",
                                    "descricao": "Hambúrguer 100% Carne de Bovino Angus Chakall",
                                    "preco": "6,69€",
                                    "preco_antigo": null,
                                    "quantidade": "emb. 640 gr (4 un)",
                                    "precoPorQuantidade": "10,45€/kg",
                                    "link": "https://www.continente.pt/produto/hamburguer-100--carne-de-bovino-angus-chakall-prime-meat-7325792.html?cgid=congelados-refeicoes-massa-hamburgueres",
                                    "imagem": "https://www.continente.pt/dw/image/v2/BDVS_PRD/on/demandware.static/-/Sites-col-master-catalog/default/dw38e347c5/images/col/732/7325792-frente.jpg?sw=280&sh=280"
                                },
                                {
                                    "marca": "Capitão Iglo",
                                    "descricao": "Hambúrguer de Frango Sem Glúten",
                                    "preco": "11,99€",
                                    "preco_antigo": null,
                                    "quantidade": "emb. 1,080 kg (18 un)",
                                    "precoPorQuantidade": "11,10€/kg",
                                    "link": "https://www.continente.pt/produto/hamburguer-de-frango-sem-gluten-capitao-iglo-7143280.html?cgid=congelados-refeicoes-massa-hamburgueres",
                                    "imagem": "https://www.continente.pt/dw/image/v2/BDVS_PRD/on/demandware.static/-/Sites-col-master-catalog/default/dw648862d6/images/col/714/7143280-frente.jpg?sw=280&sh=280"
                                },
                                {
                                    "marca": "Prime Meat",
                                    "descricao": "Almôndega de Novilho Chakall",
                                    "preco": "5,59€",
                                    "preco_antigo": null,
                                    "quantidade": "emb. 408 gr (12 un)",
                                    "precoPorQuantidade": "13,70€/kg",
                                    "link": "https://www.continente.pt/produto/almondega-de-novilho-chakall-prime-meat-7534025.html?cgid=congelados-refeicoes-massa-hamburgueres",
                                    "imagem": "https://www.continente.pt/dw/image/v2/BDVS_PRD/on/demandware.static/-/Sites-col-master-catalog/default/dw46fb8ca4/images/col/753/7534025-cima.jpg?sw=280&sh=280"
                                },
                                {
                                    "marca": "Iglo Take Away",
                                    "descricao": "Hambúrgueres de Vaca e Queijo Sem Glúten",
                                    "preco": "2,79€",
                                    "preco_antigo": null,
                                    "quantidade": "emb. 200 gr (2 un)",
                                    "precoPorQuantidade": "13,95€/kg",
                                    "link": "https://www.continente.pt/produto/hamburgueres-de-vaca-e-queijo-sem-gluten-iglo-take-away-6190167.html?cgid=congelados-refeicoes-massa-hamburgueres",
                                    "imagem": "https://www.continente.pt/dw/image/v2/BDVS_PRD/on/demandware.static/-/Sites-col-master-catalog/default/dwc30ba4da/images/col/619/6190167-direito.jpg?sw=280&sh=280"
                                },
                                {
                                    "marca": "Continente",
                                    "descricao": "Hambúrguer Powered By Plants",
                                    "preco": "2,69€",
                                    "preco_antigo": null,
                                    "quantidade": "emb. 160 gr (2 un)",
                                    "precoPorQuantidade": "16,81€/kg",
                                    "link": "https://www.continente.pt/produto/hamburguer-powered-by-plants-continente-7363123.html?cgid=congelados-refeicoes-massa-hamburgueres",
                                    "imagem": "https://www.continente.pt/dw/image/v2/BDVS_PRD/on/demandware.static/-/Sites-col-master-catalog/default/dw15a8d0fe/images/col/736/7363123-hero.jpg?sw=280&sh=280"
                                },
                                {
                                    "marca": "Capitão Iglo",
                                    "descricao": "Hambúrgueres",
                                    "preco": "10,99€",
                                    "preco_antigo": null,
                                    "quantidade": "emb. 640 gr (8 un)",
                                    "precoPorQuantidade": "17,17€/kg",
                                    "link": "https://www.continente.pt/produto/hamburgueres-capitao-iglo-5593788.html?cgid=congelados-refeicoes-massa-hamburgueres",
                                    "imagem": "https://www.continente.pt/dw/image/v2/BDVS_PRD/on/demandware.static/-/Sites-col-master-catalog/default/dwbf2306e6/images/col/559/5593788-direito.jpg?sw=280&sh=280"
                                },
                                {
                                    "marca": "Iglo Green Cuisine",
                                    "descricao": "Mini Hambúrgueres de Beterraba",
                                    "preco": "4,79€",
                                    "preco_antigo": null,
                                    "quantidade": "emb. 270 gr (6 un)",
                                    "precoPorQuantidade": "17,74€/kg",
                                    "link": "https://www.continente.pt/produto/mini-hamburgueres-de-beterraba-iglo-green-cuisine-7207958.html?cgid=congelados-refeicoes-massa-hamburgueres",
                                    "imagem": "https://www.continente.pt/dw/image/v2/BDVS_PRD/on/demandware.static/-/Sites-col-master-catalog/default/dwac4abc18/images/col/720/7207958-direito.jpg?sw=280&sh=280"
                                },
                                {
                                    "marca": "Iglo Green Cuisine",
                                    "descricao": "Miniburgers de Batata Doce",
                                    "preco": "4,79€",
                                    "preco_antigo": null,
                                    "quantidade": "emb. 270 gr (6 un)",
                                    "precoPorQuantidade": "17,74€/kg",
                                    "link": "https://www.continente.pt/produto/miniburgers-de-batata-doce-iglo-green-cuisine-7207957.html?cgid=congelados-refeicoes-massa-hamburgueres",
                                    "imagem": "https://www.continente.pt/dw/image/v2/BDVS_PRD/on/demandware.static/-/Sites-col-master-catalog/default/dw9140c036/images/col/720/7207957-direito.jpg?sw=280&sh=280"
                                },
                                {
                                    "marca": "Capitão Iglo",
                                    "descricao": "Hambúrgueres de Vaca Sem Glúten",
                                    "preco": "5,99€",
                                    "preco_antigo": null,
                                    "quantidade": "emb. 320 gr (4 un)",
                                    "precoPorQuantidade": "18,72€/kg",
                                    "link": "https://www.continente.pt/produto/hamburgueres-de-vaca-sem-gluten-capitao-iglo-5593796.html?cgid=congelados-refeicoes-massa-hamburgueres",
                                    "imagem": "https://www.continente.pt/dw/image/v2/BDVS_PRD/on/demandware.static/-/Sites-col-master-catalog/default/dw0757ca18/images/col/559/5593796-direito.jpg?sw=280&sh=280"
                                },
                                {
                                    "marca": "Iglo Green Cuisine",
                                    "descricao": "Veggie Hambúrgueres",
                                    "preco": "4,79€",
                                    "preco_antigo": null,
                                    "quantidade": "emb. 250 gr (2 un)",
                                    "precoPorQuantidade": "19,16€/kg",
                                    "link": "https://www.continente.pt/produto/veggie-hamburgueres-iglo-green-cuisine-5508371.html?cgid=congelados-refeicoes-massa-hamburgueres",
                                    "imagem": "https://www.continente.pt/dw/image/v2/BDVS_PRD/on/demandware.static/-/Sites-col-master-catalog/default/dw0b25dad4/images/col/550/5508371-direito.jpg?sw=280&sh=280"
                                },
                                {
                                    "marca": "The Vegetarian Butcher",
                                    "descricao": "Hambúrguer Vegan Sabor a Frango",
                                    "preco": "3,10€",
                                    "preco_antigo": null,
                                    "quantidade": "emb. 160 gr",
                                    "precoPorQuantidade": "19,38€/kg",
                                    "link": "https://www.continente.pt/produto/hamburguer-vegan-sabor-a-frango-the-vegetarian-butcher-7526167.html?cgid=congelados-refeicoes-massa-hamburgueres",
                                    "imagem": "https://www.continente.pt/dw/image/v2/BDVS_PRD/on/demandware.static/-/Sites-col-master-catalog/default/dwc18cbbc1/images/col/752/7526167-hero.jpg?sw=280&sh=280"
                                },
                                {
                                    "marca": "Linda McCartney's",
                                    "descricao": "Maxi Hambúrguer Vegetariano",
                                    "preco": "4,69€",
                                    "preco_antigo": null,
                                    "quantidade": "emb. 227 gr (2 un)",
                                    "precoPorQuantidade": "20,66€/kg",
                                    "link": "https://www.continente.pt/produto/maxi-hamburguer-vegetariano-linda-mccartneys-7450715.html?cgid=congelados-refeicoes-massa-hamburgueres",
                                    "imagem": "https://www.continente.pt/dw/image/v2/BDVS_PRD/on/demandware.static/-/Sites-col-master-catalog/default/dw7bde22d4/images/col/745/7450715-esquerdo.jpg?sw=280&sh=280"
                                },
                                {
                                    "marca": "Iglo Green Cuisine",
                                    "descricao": "Hambúrguers de Couve Flor, Mozzarella e Tomate Seco",
                                    "preco": "4,79€",
                                    "preco_antigo": null,
                                    "quantidade": "emb. 227 gr (2 un)",
                                    "precoPorQuantidade": "21,10€/kg",
                                    "link": "https://www.continente.pt/produto/hamburguers-de-couve-flor-mozzarella-e-tomate-seco-iglo-green-cuisine-7453065.html?cgid=congelados-refeicoes-massa-hamburgueres",
                                    "imagem": "https://www.continente.pt/dw/image/v2/BDVS_PRD/on/demandware.static/-/Sites-col-master-catalog/default/dwa49b176a/images/col/745/7453065-direito.jpg?sw=280&sh=280"
                                },
                                {
                                    "marca": "Capitão Iglo",
                                    "descricao": "Hambúrguer de Frango sem Glúten",
                                    "preco": "10,99€",
                                    "preco_antigo": null,
                                    "quantidade": "emb. 480 gr (8 un)",
                                    "precoPorQuantidade": "22,90€/kg",
                                    "link": "https://www.continente.pt/produto/hamburguer-de-frango-sem-gluten-capitao-iglo-5696986.html?cgid=congelados-refeicoes-massa-hamburgueres",
                                    "imagem": "https://www.continente.pt/dw/image/v2/BDVS_PRD/on/demandware.static/-/Sites-col-master-catalog/default/dw43318845/images/col/569/5696986-direito.jpg?sw=280&sh=280"
                                },
                                {
                                    "marca": "The Vegetarian Butcher",
                                    "descricao": "Hambúrguer Panado Vegan Sabor a Frango",
                                    "preco": "4,19€",
                                    "preco_antigo": null,
                                    "quantidade": "emb. 180 gr",
                                    "precoPorQuantidade": "23,28€/kg",
                                    "link": "https://www.continente.pt/produto/hamburguer-panado-vegan-sabor-a-frango-the-vegetarian-butcher-7526169.html?cgid=congelados-refeicoes-massa-hamburgueres",
                                    "imagem": "https://www.continente.pt/dw/image/v2/BDVS_PRD/on/demandware.static/-/Sites-col-master-catalog/default/dwed51e691/images/col/752/7526169-hero.jpg?sw=280&sh=280"
                                },
                                {
                                    "marca": "Iglo Green Cuisine",
                                    "descricao": "Crispy Hambúrgueres de Proteína Vegetal",
                                    "preco": "4,79€",
                                    "preco_antigo": null,
                                    "quantidade": "emb. 200 gr (2 un)",
                                    "precoPorQuantidade": "23,95€/kg",
                                    "link": "https://www.continente.pt/produto/crispy-hamburgueres-de-proteina-vegetal-iglo-green-cuisine-7442169.html?cgid=congelados-refeicoes-massa-hamburgueres",
                                    "imagem": "https://www.continente.pt/dw/image/v2/BDVS_PRD/on/demandware.static/-/Sites-col-master-catalog/default/dwaa119075/images/col/744/7442169-direito.jpg?sw=280&sh=280"
                                },
                                {
                                    "marca": "Iglo Green Cuisine",
                                    "descricao": "Hambúrguer de Proteína Vegetal",
                                    "preco": "4,79€",
                                    "preco_antigo": null,
                                    "quantidade": "emb. 200 gr (2 un)",
                                    "precoPorQuantidade": "23,95€/kg",
                                    "link": "https://www.continente.pt/produto/hamburguer-de-proteina-vegetal-iglo-green-cuisine-7207961.html?cgid=congelados-refeicoes-massa-hamburgueres",
                                    "imagem": "https://www.continente.pt/dw/image/v2/BDVS_PRD/on/demandware.static/-/Sites-col-master-catalog/default/dwc891db41/images/col/720/7207961-direito.jpg?sw=280&sh=280"
                                },
                                {
                                    "marca": "The Vegetarian Butcher",
                                    "descricao": "Hambúrguer Vegan Sabor a Carne",
                                    "preco": "5,39€",
                                    "preco_antigo": null,
                                    "quantidade": "emb. 218 gr",
                                    "precoPorQuantidade": "24,72€/kg",
                                    "link": "https://www.continente.pt/produto/hamburguer-vegan-sabor-a-carne-the-vegetarian-butcher-7520873.html?cgid=congelados-refeicoes-massa-hamburgueres",
                                    "imagem": "https://www.continente.pt/dw/image/v2/BDVS_PRD/on/demandware.static/-/Sites-col-master-catalog/default/dw95d2b60e/images/col/752/7520873-hero.jpg?sw=280&sh=280"
                                },
                                {
                                    "marca": "Capitão Iglo",
                                    "descricao": "Hambúrguer de Frango Sem Glúten",
                                    "preco": "5,99€",
                                    "preco_antigo": null,
                                    "quantidade": "emb. 240 gr (4 un)",
                                    "precoPorQuantidade": "24,96€/kg",
                                    "link": "https://www.continente.pt/produto/hamburguer-de-frango-sem-gluten-capitao-iglo-5696985.html?cgid=congelados-refeicoes-massa-hamburgueres",
                                    "imagem": "https://www.continente.pt/dw/image/v2/BDVS_PRD/on/demandware.static/-/Sites-col-master-catalog/default/dw06cde04b/images/col/569/5696985-direito.jpg?sw=280&sh=280"
                                }
                            ]
                        }
                    ]
                }
            ]
        }
    ]
}